%YAML 1.1
%TAG !u! tag:unity3d.com,2011:
--- !u!1 &4906129134755641770
GameObject:
  m_ObjectHideFlags: 0
  m_CorrespondingSourceObject: {fileID: 0}
  m_PrefabInstance: {fileID: 0}
  m_PrefabAsset: {fileID: 0}
  serializedVersion: 6
  m_Component:
  - component: {fileID: 3575370314268543435}
  m_Layer: 0
  m_Name: QuadConnect1
  m_TagString: Untagged
  m_Icon: {fileID: 0}
  m_NavMeshLayer: 0
  m_StaticEditorFlags: 0
  m_IsActive: 1
--- !u!4 &3575370314268543435
Transform:
  m_ObjectHideFlags: 0
  m_CorrespondingSourceObject: {fileID: 0}
  m_PrefabInstance: {fileID: 0}
  m_PrefabAsset: {fileID: 0}
  m_GameObject: {fileID: 4906129134755641770}
  m_LocalRotation: {x: -0, y: -0, z: -0, w: 1}
  m_LocalPosition: {x: 0, y: 0, z: 0}
  m_LocalScale: {x: 1, y: 1, z: 1}
  m_Children:
  - {fileID: 803987747952436756}
  - {fileID: 7937206380334439523}
  - {fileID: 3370618830344353182}
  - {fileID: 6464569387780280573}
  - {fileID: 7113524011478060557}
  - {fileID: 1408111461643633208}
  - {fileID: 4378370210671209324}
  - {fileID: 3140495100973704689}
  - {fileID: 6321478098589251191}
  m_Father: {fileID: 0}
  m_RootOrder: 0
  m_LocalEulerAnglesHint: {x: 0, y: 0, z: 0}
--- !u!1001 &370431792912954595
PrefabInstance:
  m_ObjectHideFlags: 0
  serializedVersion: 2
  m_Modification:
    m_TransformParent: {fileID: 3575370314268543435}
    m_Modifications:
    - target: {fileID: 3029307458798921550, guid: 1bff5555a31a3194590cb77ce7bbeb8f,
        type: 3}
      propertyPath: m_Name
      value: Side_2
      objectReference: {fileID: 0}
    - target: {fileID: 6670616491464090654, guid: 1bff5555a31a3194590cb77ce7bbeb8f,
        type: 3}
      propertyPath: m_LocalPosition.x
      value: 0
      objectReference: {fileID: 0}
    - target: {fileID: 6670616491464090654, guid: 1bff5555a31a3194590cb77ce7bbeb8f,
        type: 3}
      propertyPath: m_LocalPosition.y
      value: -0.5
      objectReference: {fileID: 0}
    - target: {fileID: 6670616491464090654, guid: 1bff5555a31a3194590cb77ce7bbeb8f,
        type: 3}
      propertyPath: m_LocalPosition.z
      value: 0
      objectReference: {fileID: 0}
    - target: {fileID: 6670616491464090654, guid: 1bff5555a31a3194590cb77ce7bbeb8f,
        type: 3}
      propertyPath: m_LocalRotation.x
      value: 0
      objectReference: {fileID: 0}
    - target: {fileID: 6670616491464090654, guid: 1bff5555a31a3194590cb77ce7bbeb8f,
        type: 3}
      propertyPath: m_LocalRotation.y
      value: 0
      objectReference: {fileID: 0}
    - target: {fileID: 6670616491464090654, guid: 1bff5555a31a3194590cb77ce7bbeb8f,
        type: 3}
      propertyPath: m_LocalRotation.z
      value: 0
      objectReference: {fileID: 0}
    - target: {fileID: 6670616491464090654, guid: 1bff5555a31a3194590cb77ce7bbeb8f,
        type: 3}
      propertyPath: m_LocalRotation.w
      value: 1
      objectReference: {fileID: 0}
    - target: {fileID: 6670616491464090654, guid: 1bff5555a31a3194590cb77ce7bbeb8f,
        type: 3}
      propertyPath: m_RootOrder
      value: 3
      objectReference: {fileID: 0}
    - target: {fileID: 6670616491464090654, guid: 1bff5555a31a3194590cb77ce7bbeb8f,
        type: 3}
      propertyPath: m_LocalEulerAnglesHint.x
      value: 0
      objectReference: {fileID: 0}
    - target: {fileID: 6670616491464090654, guid: 1bff5555a31a3194590cb77ce7bbeb8f,
        type: 3}
      propertyPath: m_LocalEulerAnglesHint.y
      value: 0
      objectReference: {fileID: 0}
    - target: {fileID: 6670616491464090654, guid: 1bff5555a31a3194590cb77ce7bbeb8f,
        type: 3}
      propertyPath: m_LocalEulerAnglesHint.z
      value: 0
      objectReference: {fileID: 0}
    m_RemovedComponents: []
  m_SourcePrefab: {fileID: 100100000, guid: 1bff5555a31a3194590cb77ce7bbeb8f, type: 3}
--- !u!4 &6464569387780280573 stripped
Transform:
  m_CorrespondingSourceObject: {fileID: 6670616491464090654, guid: 1bff5555a31a3194590cb77ce7bbeb8f,
    type: 3}
  m_PrefabInstance: {fileID: 370431792912954595}
  m_PrefabAsset: {fileID: 0}
--- !u!1001 &2403692208906068252
PrefabInstance:
  m_ObjectHideFlags: 0
  serializedVersion: 2
  m_Modification:
    m_TransformParent: {fileID: 3575370314268543435}
    m_Modifications:
    - target: {fileID: 8737030057861545038, guid: f32a9bd6555b6ab4490f2159af37ac7b,
        type: 3}
      propertyPath: m_Name
      value: Point_3
      objectReference: {fileID: 0}
    - target: {fileID: 8566347330296125291, guid: f32a9bd6555b6ab4490f2159af37ac7b,
        type: 3}
      propertyPath: m_LocalPosition.x
      value: -0.5
      objectReference: {fileID: 0}
    - target: {fileID: 8566347330296125291, guid: f32a9bd6555b6ab4490f2159af37ac7b,
        type: 3}
      propertyPath: m_LocalPosition.y
      value: -0.5
      objectReference: {fileID: 0}
    - target: {fileID: 8566347330296125291, guid: f32a9bd6555b6ab4490f2159af37ac7b,
        type: 3}
      propertyPath: m_LocalPosition.z
      value: 0
      objectReference: {fileID: 0}
    - target: {fileID: 8566347330296125291, guid: f32a9bd6555b6ab4490f2159af37ac7b,
        type: 3}
      propertyPath: m_LocalRotation.x
      value: -0
      objectReference: {fileID: 0}
    - target: {fileID: 8566347330296125291, guid: f32a9bd6555b6ab4490f2159af37ac7b,
        type: 3}
      propertyPath: m_LocalRotation.y
      value: -0
      objectReference: {fileID: 0}
    - target: {fileID: 8566347330296125291, guid: f32a9bd6555b6ab4490f2159af37ac7b,
        type: 3}
      propertyPath: m_LocalRotation.z
      value: -0
      objectReference: {fileID: 0}
    - target: {fileID: 8566347330296125291, guid: f32a9bd6555b6ab4490f2159af37ac7b,
        type: 3}
      propertyPath: m_LocalRotation.w
      value: 1
      objectReference: {fileID: 0}
    - target: {fileID: 8566347330296125291, guid: f32a9bd6555b6ab4490f2159af37ac7b,
        type: 3}
      propertyPath: m_RootOrder
      value: 8
      objectReference: {fileID: 0}
    - target: {fileID: 8566347330296125291, guid: f32a9bd6555b6ab4490f2159af37ac7b,
        type: 3}
      propertyPath: m_LocalEulerAnglesHint.x
      value: 0
      objectReference: {fileID: 0}
    - target: {fileID: 8566347330296125291, guid: f32a9bd6555b6ab4490f2159af37ac7b,
        type: 3}
      propertyPath: m_LocalEulerAnglesHint.y
      value: 0
      objectReference: {fileID: 0}
    - target: {fileID: 8566347330296125291, guid: f32a9bd6555b6ab4490f2159af37ac7b,
        type: 3}
      propertyPath: m_LocalEulerAnglesHint.z
      value: 0
      objectReference: {fileID: 0}
    m_RemovedComponents: []
  m_SourcePrefab: {fileID: 100100000, guid: f32a9bd6555b6ab4490f2159af37ac7b, type: 3}
--- !u!4 &6321478098589251191 stripped
Transform:
  m_CorrespondingSourceObject: {fileID: 8566347330296125291, guid: f32a9bd6555b6ab4490f2159af37ac7b,
    type: 3}
  m_PrefabInstance: {fileID: 2403692208906068252}
  m_PrefabAsset: {fileID: 0}
--- !u!1001 &3566607925932690436
PrefabInstance:
  m_ObjectHideFlags: 0
  serializedVersion: 2
  m_Modification:
    m_TransformParent: {fileID: 3575370314268543435}
    m_Modifications:
    - target: {fileID: 2052514931867398628, guid: a41b9e857a15b2042b974036a21854c7,
        type: 3}
      propertyPath: m_Name
      value: QuadFace
      objectReference: {fileID: 0}
    - target: {fileID: 4203958089347967504, guid: a41b9e857a15b2042b974036a21854c7,
        type: 3}
      propertyPath: m_LocalPosition.x
      value: 0
      objectReference: {fileID: 0}
    - target: {fileID: 4203958089347967504, guid: a41b9e857a15b2042b974036a21854c7,
        type: 3}
      propertyPath: m_LocalPosition.y
      value: 0
      objectReference: {fileID: 0}
    - target: {fileID: 4203958089347967504, guid: a41b9e857a15b2042b974036a21854c7,
        type: 3}
      propertyPath: m_LocalPosition.z
      value: 0
      objectReference: {fileID: 0}
    - target: {fileID: 4203958089347967504, guid: a41b9e857a15b2042b974036a21854c7,
        type: 3}
      propertyPath: m_LocalRotation.x
      value: 0
      objectReference: {fileID: 0}
    - target: {fileID: 4203958089347967504, guid: a41b9e857a15b2042b974036a21854c7,
        type: 3}
      propertyPath: m_LocalRotation.y
      value: 0
      objectReference: {fileID: 0}
    - target: {fileID: 4203958089347967504, guid: a41b9e857a15b2042b974036a21854c7,
        type: 3}
      propertyPath: m_LocalRotation.z
      value: 0
      objectReference: {fileID: 0}
    - target: {fileID: 4203958089347967504, guid: a41b9e857a15b2042b974036a21854c7,
        type: 3}
      propertyPath: m_LocalRotation.w
      value: 1
      objectReference: {fileID: 0}
    - target: {fileID: 4203958089347967504, guid: a41b9e857a15b2042b974036a21854c7,
        type: 3}
      propertyPath: m_RootOrder
      value: 0
      objectReference: {fileID: 0}
    - target: {fileID: 4203958089347967504, guid: a41b9e857a15b2042b974036a21854c7,
        type: 3}
      propertyPath: m_LocalEulerAnglesHint.x
      value: 0
      objectReference: {fileID: 0}
    - target: {fileID: 4203958089347967504, guid: a41b9e857a15b2042b974036a21854c7,
        type: 3}
      propertyPath: m_LocalEulerAnglesHint.y
      value: 0
      objectReference: {fileID: 0}
    - target: {fileID: 4203958089347967504, guid: a41b9e857a15b2042b974036a21854c7,
        type: 3}
      propertyPath: m_LocalEulerAnglesHint.z
      value: 0
      objectReference: {fileID: 0}
    m_RemovedComponents: []
  m_SourcePrefab: {fileID: 100100000, guid: a41b9e857a15b2042b974036a21854c7, type: 3}
--- !u!4 &803987747952436756 stripped
Transform:
  m_CorrespondingSourceObject: {fileID: 4203958089347967504, guid: a41b9e857a15b2042b974036a21854c7,
    type: 3}
  m_PrefabInstance: {fileID: 3566607925932690436}
  m_PrefabAsset: {fileID: 0}
--- !u!1001 &3653639193572685949
PrefabInstance:
  m_ObjectHideFlags: 0
  serializedVersion: 2
  m_Modification:
    m_TransformParent: {fileID: 3575370314268543435}
    m_Modifications:
    - target: {fileID: 3029307458798921550, guid: 1bff5555a31a3194590cb77ce7bbeb8f,
        type: 3}
      propertyPath: m_Name
      value: Side_0
      objectReference: {fileID: 0}
    - target: {fileID: 6670616491464090654, guid: 1bff5555a31a3194590cb77ce7bbeb8f,
        type: 3}
      propertyPath: m_LocalPosition.x
      value: 0
      objectReference: {fileID: 0}
    - target: {fileID: 6670616491464090654, guid: 1bff5555a31a3194590cb77ce7bbeb8f,
        type: 3}
      propertyPath: m_LocalPosition.y
      value: 0.5
      objectReference: {fileID: 0}
    - target: {fileID: 6670616491464090654, guid: 1bff5555a31a3194590cb77ce7bbeb8f,
        type: 3}
      propertyPath: m_LocalPosition.z
      value: 0
      objectReference: {fileID: 0}
    - target: {fileID: 6670616491464090654, guid: 1bff5555a31a3194590cb77ce7bbeb8f,
        type: 3}
      propertyPath: m_LocalRotation.x
      value: -0
      objectReference: {fileID: 0}
    - target: {fileID: 6670616491464090654, guid: 1bff5555a31a3194590cb77ce7bbeb8f,
        type: 3}
      propertyPath: m_LocalRotation.y
      value: -0
      objectReference: {fileID: 0}
    - target: {fileID: 6670616491464090654, guid: 1bff5555a31a3194590cb77ce7bbeb8f,
        type: 3}
      propertyPath: m_LocalRotation.z
      value: -0
      objectReference: {fileID: 0}
    - target: {fileID: 6670616491464090654, guid: 1bff5555a31a3194590cb77ce7bbeb8f,
        type: 3}
      propertyPath: m_LocalRotation.w
      value: 1
      objectReference: {fileID: 0}
    - target: {fileID: 6670616491464090654, guid: 1bff5555a31a3194590cb77ce7bbeb8f,
        type: 3}
      propertyPath: m_RootOrder
      value: 1
      objectReference: {fileID: 0}
    - target: {fileID: 6670616491464090654, guid: 1bff5555a31a3194590cb77ce7bbeb8f,
        type: 3}
      propertyPath: m_LocalEulerAnglesHint.x
      value: 0
      objectReference: {fileID: 0}
    - target: {fileID: 6670616491464090654, guid: 1bff5555a31a3194590cb77ce7bbeb8f,
        type: 3}
      propertyPath: m_LocalEulerAnglesHint.y
      value: 0
      objectReference: {fileID: 0}
    - target: {fileID: 6670616491464090654, guid: 1bff5555a31a3194590cb77ce7bbeb8f,
        type: 3}
      propertyPath: m_LocalEulerAnglesHint.z
      value: 0
      objectReference: {fileID: 0}
    m_RemovedComponents: []
  m_SourcePrefab: {fileID: 100100000, guid: 1bff5555a31a3194590cb77ce7bbeb8f, type: 3}
--- !u!4 &7937206380334439523 stripped
Transform:
  m_CorrespondingSourceObject: {fileID: 6670616491464090654, guid: 1bff5555a31a3194590cb77ce7bbeb8f,
    type: 3}
  m_PrefabInstance: {fileID: 3653639193572685949}
  m_PrefabAsset: {fileID: 0}
--- !u!1001 &4479562368233826835
PrefabInstance:
  m_ObjectHideFlags: 0
  serializedVersion: 2
  m_Modification:
    m_TransformParent: {fileID: 3575370314268543435}
    m_Modifications:
    - target: {fileID: 3029307458798921550, guid: 1bff5555a31a3194590cb77ce7bbeb8f,
        type: 3}
      propertyPath: m_Name
      value: Side_3
      objectReference: {fileID: 0}
    - target: {fileID: 6670616491464090654, guid: 1bff5555a31a3194590cb77ce7bbeb8f,
        type: 3}
      propertyPath: m_LocalPosition.x
      value: -0.5
      objectReference: {fileID: 0}
    - target: {fileID: 6670616491464090654, guid: 1bff5555a31a3194590cb77ce7bbeb8f,
        type: 3}
      propertyPath: m_LocalPosition.y
      value: 0
      objectReference: {fileID: 0}
    - target: {fileID: 6670616491464090654, guid: 1bff5555a31a3194590cb77ce7bbeb8f,
        type: 3}
      propertyPath: m_LocalPosition.z
      value: 0
      objectReference: {fileID: 0}
    - target: {fileID: 6670616491464090654, guid: 1bff5555a31a3194590cb77ce7bbeb8f,
        type: 3}
      propertyPath: m_LocalRotation.x
      value: 0
      objectReference: {fileID: 0}
    - target: {fileID: 6670616491464090654, guid: 1bff5555a31a3194590cb77ce7bbeb8f,
        type: 3}
      propertyPath: m_LocalRotation.y
      value: 0
      objectReference: {fileID: 0}
    - target: {fileID: 6670616491464090654, guid: 1bff5555a31a3194590cb77ce7bbeb8f,
        type: 3}
      propertyPath: m_LocalRotation.z
      value: -0.7071068
      objectReference: {fileID: 0}
    - target: {fileID: 6670616491464090654, guid: 1bff5555a31a3194590cb77ce7bbeb8f,
        type: 3}
      propertyPath: m_LocalRotation.w
      value: 0.7071068
      objectReference: {fileID: 0}
    - target: {fileID: 6670616491464090654, guid: 1bff5555a31a3194590cb77ce7bbeb8f,
        type: 3}
      propertyPath: m_RootOrder
      value: 4
      objectReference: {fileID: 0}
    - target: {fileID: 6670616491464090654, guid: 1bff5555a31a3194590cb77ce7bbeb8f,
        type: 3}
      propertyPath: m_LocalEulerAnglesHint.x
      value: 0
      objectReference: {fileID: 0}
    - target: {fileID: 6670616491464090654, guid: 1bff5555a31a3194590cb77ce7bbeb8f,
        type: 3}
      propertyPath: m_LocalEulerAnglesHint.y
      value: 0
      objectReference: {fileID: 0}
    - target: {fileID: 6670616491464090654, guid: 1bff5555a31a3194590cb77ce7bbeb8f,
        type: 3}
      propertyPath: m_LocalEulerAnglesHint.z
      value: -90
      objectReference: {fileID: 0}
    m_RemovedComponents: []
  m_SourcePrefab: {fileID: 100100000, guid: 1bff5555a31a3194590cb77ce7bbeb8f, type: 3}
--- !u!4 &7113524011478060557 stripped
Transform:
  m_CorrespondingSourceObject: {fileID: 6670616491464090654, guid: 1bff5555a31a3194590cb77ce7bbeb8f,
    type: 3}
  m_PrefabInstance: {fileID: 4479562368233826835}
  m_PrefabAsset: {fileID: 0}
--- !u!1001 &5342077302914104327
PrefabInstance:
  m_ObjectHideFlags: 0
  serializedVersion: 2
  m_Modification:
    m_TransformParent: {fileID: 3575370314268543435}
    m_Modifications:
    - target: {fileID: 8737030057861545038, guid: f32a9bd6555b6ab4490f2159af37ac7b,
        type: 3}
      propertyPath: m_Name
      value: Point_1
      objectReference: {fileID: 0}
    - target: {fileID: 8737030057861545038, guid: f32a9bd6555b6ab4490f2159af37ac7b,
        type: 3}
      propertyPath: m_IsActive
      value: 0
      objectReference: {fileID: 0}
    - target: {fileID: 8566347330296125291, guid: f32a9bd6555b6ab4490f2159af37ac7b,
        type: 3}
      propertyPath: m_LocalPosition.x
      value: 0.5
      objectReference: {fileID: 0}
    - target: {fileID: 8566347330296125291, guid: f32a9bd6555b6ab4490f2159af37ac7b,
        type: 3}
      propertyPath: m_LocalPosition.y
      value: 0.5
      objectReference: {fileID: 0}
    - target: {fileID: 8566347330296125291, guid: f32a9bd6555b6ab4490f2159af37ac7b,
        type: 3}
      propertyPath: m_LocalPosition.z
      value: 0
      objectReference: {fileID: 0}
    - target: {fileID: 8566347330296125291, guid: f32a9bd6555b6ab4490f2159af37ac7b,
        type: 3}
      propertyPath: m_LocalRotation.x
      value: -0
      objectReference: {fileID: 0}
    - target: {fileID: 8566347330296125291, guid: f32a9bd6555b6ab4490f2159af37ac7b,
        type: 3}
      propertyPath: m_LocalRotation.y
      value: -0
      objectReference: {fileID: 0}
    - target: {fileID: 8566347330296125291, guid: f32a9bd6555b6ab4490f2159af37ac7b,
        type: 3}
      propertyPath: m_LocalRotation.z
      value: -0
      objectReference: {fileID: 0}
    - target: {fileID: 8566347330296125291, guid: f32a9bd6555b6ab4490f2159af37ac7b,
        type: 3}
      propertyPath: m_LocalRotation.w
      value: 1
      objectReference: {fileID: 0}
    - target: {fileID: 8566347330296125291, guid: f32a9bd6555b6ab4490f2159af37ac7b,
        type: 3}
      propertyPath: m_RootOrder
      value: 6
      objectReference: {fileID: 0}
    - target: {fileID: 8566347330296125291, guid: f32a9bd6555b6ab4490f2159af37ac7b,
        type: 3}
      propertyPath: m_LocalEulerAnglesHint.x
      value: 0
      objectReference: {fileID: 0}
    - target: {fileID: 8566347330296125291, guid: f32a9bd6555b6ab4490f2159af37ac7b,
        type: 3}
      propertyPath: m_LocalEulerAnglesHint.y
      value: 0
      objectReference: {fileID: 0}
    - target: {fileID: 8566347330296125291, guid: f32a9bd6555b6ab4490f2159af37ac7b,
        type: 3}
      propertyPath: m_LocalEulerAnglesHint.z
      value: 0
      objectReference: {fileID: 0}
    m_RemovedComponents: []
  m_SourcePrefab: {fileID: 100100000, guid: f32a9bd6555b6ab4490f2159af37ac7b, type: 3}
--- !u!4 &4378370210671209324 stripped
Transform:
  m_CorrespondingSourceObject: {fileID: 8566347330296125291, guid: f32a9bd6555b6ab4490f2159af37ac7b,
    type: 3}
  m_PrefabInstance: {fileID: 5342077302914104327}
  m_PrefabAsset: {fileID: 0}
--- !u!1001 &6734148241049186970
PrefabInstance:
  m_ObjectHideFlags: 0
  serializedVersion: 2
  m_Modification:
    m_TransformParent: {fileID: 3575370314268543435}
    m_Modifications:
    - target: {fileID: 8737030057861545038, guid: f32a9bd6555b6ab4490f2159af37ac7b,
        type: 3}
      propertyPath: m_Name
      value: Point_2
      objectReference: {fileID: 0}
    - target: {fileID: 8737030057861545038, guid: f32a9bd6555b6ab4490f2159af37ac7b,
        type: 3}
      propertyPath: m_IsActive
      value: 0
      objectReference: {fileID: 0}
    - target: {fileID: 8566347330296125291, guid: f32a9bd6555b6ab4490f2159af37ac7b,
        type: 3}
      propertyPath: m_LocalPosition.x
      value: 0.5
      objectReference: {fileID: 0}
    - target: {fileID: 8566347330296125291, guid: f32a9bd6555b6ab4490f2159af37ac7b,
        type: 3}
      propertyPath: m_LocalPosition.y
      value: -0.5
      objectReference: {fileID: 0}
    - target: {fileID: 8566347330296125291, guid: f32a9bd6555b6ab4490f2159af37ac7b,
        type: 3}
      propertyPath: m_LocalPosition.z
      value: 0
      objectReference: {fileID: 0}
    - target: {fileID: 8566347330296125291, guid: f32a9bd6555b6ab4490f2159af37ac7b,
        type: 3}
      propertyPath: m_LocalRotation.x
      value: -0
      objectReference: {fileID: 0}
    - target: {fileID: 8566347330296125291, guid: f32a9bd6555b6ab4490f2159af37ac7b,
        type: 3}
      propertyPath: m_LocalRotation.y
      value: -0
      objectReference: {fileID: 0}
    - target: {fileID: 8566347330296125291, guid: f32a9bd6555b6ab4490f2159af37ac7b,
        type: 3}
      propertyPath: m_LocalRotation.z
      value: -0
      objectReference: {fileID: 0}
    - target: {fileID: 8566347330296125291, guid: f32a9bd6555b6ab4490f2159af37ac7b,
        type: 3}
      propertyPath: m_LocalRotation.w
      value: 1
      objectReference: {fileID: 0}
    - target: {fileID: 8566347330296125291, guid: f32a9bd6555b6ab4490f2159af37ac7b,
        type: 3}
      propertyPath: m_RootOrder
      value: 7
      objectReference: {fileID: 0}
    - target: {fileID: 8566347330296125291, guid: f32a9bd6555b6ab4490f2159af37ac7b,
        type: 3}
      propertyPath: m_LocalEulerAnglesHint.x
      value: 0
      objectReference: {fileID: 0}
    - target: {fileID: 8566347330296125291, guid: f32a9bd6555b6ab4490f2159af37ac7b,
        type: 3}
      propertyPath: m_LocalEulerAnglesHint.y
      value: 0
      objectReference: {fileID: 0}
    - target: {fileID: 8566347330296125291, guid: f32a9bd6555b6ab4490f2159af37ac7b,
        type: 3}
      propertyPath: m_LocalEulerAnglesHint.z
      value: 0
      objectReference: {fileID: 0}
    m_RemovedComponents: []
  m_SourcePrefab: {fileID: 100100000, guid: f32a9bd6555b6ab4490f2159af37ac7b, type: 3}
--- !u!4 &3140495100973704689 stripped
Transform:
  m_CorrespondingSourceObject: {fileID: 8566347330296125291, guid: f32a9bd6555b6ab4490f2159af37ac7b,
    type: 3}
  m_PrefabInstance: {fileID: 6734148241049186970}
  m_PrefabAsset: {fileID: 0}
--- !u!1001 &7308034237549401427
PrefabInstance:
  m_ObjectHideFlags: 0
  serializedVersion: 2
  m_Modification:
    m_TransformParent: {fileID: 3575370314268543435}
    m_Modifications:
    - target: {fileID: 8737030057861545038, guid: f32a9bd6555b6ab4490f2159af37ac7b,
        type: 3}
      propertyPath: m_Name
      value: Point_0
      objectReference: {fileID: 0}
    - target: {fileID: 8566347330296125291, guid: f32a9bd6555b6ab4490f2159af37ac7b,
        type: 3}
      propertyPath: m_LocalPosition.x
      value: -0.5
      objectReference: {fileID: 0}
    - target: {fileID: 8566347330296125291, guid: f32a9bd6555b6ab4490f2159af37ac7b,
        type: 3}
      propertyPath: m_LocalPosition.y
      value: 0.5
      objectReference: {fileID: 0}
    - target: {fileID: 8566347330296125291, guid: f32a9bd6555b6ab4490f2159af37ac7b,
        type: 3}
      propertyPath: m_LocalPosition.z
      value: 0
      objectReference: {fileID: 0}
    - target: {fileID: 8566347330296125291, guid: f32a9bd6555b6ab4490f2159af37ac7b,
        type: 3}
      propertyPath: m_LocalRotation.x
      value: -0
      objectReference: {fileID: 0}
    - target: {fileID: 8566347330296125291, guid: f32a9bd6555b6ab4490f2159af37ac7b,
        type: 3}
      propertyPath: m_LocalRotation.y
      value: -0
      objectReference: {fileID: 0}
    - target: {fileID: 8566347330296125291, guid: f32a9bd6555b6ab4490f2159af37ac7b,
        type: 3}
      propertyPath: m_LocalRotation.z
      value: -0
      objectReference: {fileID: 0}
    - target: {fileID: 8566347330296125291, guid: f32a9bd6555b6ab4490f2159af37ac7b,
        type: 3}
      propertyPath: m_LocalRotation.w
      value: 1
      objectReference: {fileID: 0}
    - target: {fileID: 8566347330296125291, guid: f32a9bd6555b6ab4490f2159af37ac7b,
        type: 3}
      propertyPath: m_RootOrder
      value: 5
      objectReference: {fileID: 0}
    - target: {fileID: 8566347330296125291, guid: f32a9bd6555b6ab4490f2159af37ac7b,
        type: 3}
      propertyPath: m_LocalEulerAnglesHint.x
      value: 0
      objectReference: {fileID: 0}
    - target: {fileID: 8566347330296125291, guid: f32a9bd6555b6ab4490f2159af37ac7b,
        type: 3}
      propertyPath: m_LocalEulerAnglesHint.y
      value: 0
      objectReference: {fileID: 0}
    - target: {fileID: 8566347330296125291, guid: f32a9bd6555b6ab4490f2159af37ac7b,
        type: 3}
      propertyPath: m_LocalEulerAnglesHint.z
      value: 0
      objectReference: {fileID: 0}
    m_RemovedComponents: []
  m_SourcePrefab: {fileID: 100100000, guid: f32a9bd6555b6ab4490f2159af37ac7b, type: 3}
--- !u!4 &1408111461643633208 stripped
Transform:
  m_CorrespondingSourceObject: {fileID: 8566347330296125291, guid: f32a9bd6555b6ab4490f2159af37ac7b,
    type: 3}
  m_PrefabInstance: {fileID: 7308034237549401427}
  m_PrefabAsset: {fileID: 0}
--- !u!1001 &8238242245111615872
PrefabInstance:
  m_ObjectHideFlags: 0
  serializedVersion: 2
  m_Modification:
    m_TransformParent: {fileID: 3575370314268543435}
    m_Modifications:
    - target: {fileID: 3029307458798921550, guid: 1bff5555a31a3194590cb77ce7bbeb8f,
        type: 3}
      propertyPath: m_Name
      value: Side_1
      objectReference: {fileID: 0}
    - target: {fileID: 3029307458798921550, guid: 1bff5555a31a3194590cb77ce7bbeb8f,
        type: 3}
      propertyPath: m_IsActive
      value: 0
      objectReference: {fileID: 0}
    - target: {fileID: 6670616491464090654, guid: 1bff5555a31a3194590cb77ce7bbeb8f,
        type: 3}
      propertyPath: m_LocalPosition.x
      value: 0.5
      objectReference: {fileID: 0}
    - target: {fileID: 6670616491464090654, guid: 1bff5555a31a3194590cb77ce7bbeb8f,
        type: 3}
      propertyPath: m_LocalPosition.y
      value: 0
      objectReference: {fileID: 0}
    - target: {fileID: 6670616491464090654, guid: 1bff5555a31a3194590cb77ce7bbeb8f,
        type: 3}
      propertyPath: m_LocalPosition.z
      value: 0
      objectReference: {fileID: 0}
    - target: {fileID: 6670616491464090654, guid: 1bff5555a31a3194590cb77ce7bbeb8f,
        type: 3}
      propertyPath: m_LocalRotation.x
      value: 0
      objectReference: {fileID: 0}
    - target: {fileID: 6670616491464090654, guid: 1bff5555a31a3194590cb77ce7bbeb8f,
        type: 3}
      propertyPath: m_LocalRotation.y
      value: 0
      objectReference: {fileID: 0}
    - target: {fileID: 6670616491464090654, guid: 1bff5555a31a3194590cb77ce7bbeb8f,
        type: 3}
      propertyPath: m_LocalRotation.z
      value: -0.7071068
      objectReference: {fileID: 0}
    - target: {fileID: 6670616491464090654, guid: 1bff5555a31a3194590cb77ce7bbeb8f,
        type: 3}
      propertyPath: m_LocalRotation.w
      value: 0.7071068
      objectReference: {fileID: 0}
    - target: {fileID: 6670616491464090654, guid: 1bff5555a31a3194590cb77ce7bbeb8f,
        type: 3}
      propertyPath: m_RootOrder
      value: 2
      objectReference: {fileID: 0}
    - target: {fileID: 6670616491464090654, guid: 1bff5555a31a3194590cb77ce7bbeb8f,
        type: 3}
      propertyPath: m_LocalEulerAnglesHint.x
      value: 0
      objectReference: {fileID: 0}
    - target: {fileID: 6670616491464090654, guid: 1bff5555a31a3194590cb77ce7bbeb8f,
        type: 3}
      propertyPath: m_LocalEulerAnglesHint.y
      value: 0
      objectReference: {fileID: 0}
    - target: {fileID: 6670616491464090654, guid: 1bff5555a31a3194590cb77ce7bbeb8f,
        type: 3}
      propertyPath: m_LocalEulerAnglesHint.z
      value: -90
      objectReference: {fileID: 0}
    m_RemovedComponents: []
  m_SourcePrefab: {fileID: 100100000, guid: 1bff5555a31a3194590cb77ce7bbeb8f, type: 3}
--- !u!4 &3370618830344353182 stripped
Transform:
  m_CorrespondingSourceObject: {fileID: 6670616491464090654, guid: 1bff5555a31a3194590cb77ce7bbeb8f,
    type: 3}
  m_PrefabInstance: {fileID: 8238242245111615872}
  m_PrefabAsset: {fileID: 0}
