%YAML 1.1
%TAG !u! tag:unity3d.com,2011:
--- !u!1 &1037621783124323706
GameObject:
  m_ObjectHideFlags: 0
  m_CorrespondingSourceObject: {fileID: 0}
  m_PrefabInstance: {fileID: 0}
  m_PrefabAsset: {fileID: 0}
  serializedVersion: 6
  m_Component:
  - component: {fileID: 8350383944657081017}
  - component: {fileID: 3156985477055777646}
  - component: {fileID: 5174908240981645625}
  m_Layer: 0
  m_Name: Box_3_0.5_1_InitialMesh
  m_TagString: Untagged
  m_Icon: {fileID: 0}
  m_NavMeshLayer: 0
  m_StaticEditorFlags: 0
  m_IsActive: 0
--- !u!4 &8350383944657081017
Transform:
  m_ObjectHideFlags: 0
  m_CorrespondingSourceObject: {fileID: 0}
  m_PrefabInstance: {fileID: 0}
  m_PrefabAsset: {fileID: 0}
  m_GameObject: {fileID: 1037621783124323706}
  m_LocalRotation: {x: 0, y: 0, z: 0, w: 1}
  m_LocalPosition: {x: 1, y: 0, z: 0}
  m_LocalScale: {x: 1, y: 1, z: 1}
  m_Children: []
  m_Father: {fileID: 1601136229292152314}
  m_RootOrder: 11
  m_LocalEulerAnglesHint: {x: 0, y: 0, z: 0}
--- !u!33 &3156985477055777646
MeshFilter:
  m_ObjectHideFlags: 0
  m_CorrespondingSourceObject: {fileID: 0}
  m_PrefabInstance: {fileID: 0}
  m_PrefabAsset: {fileID: 0}
  m_GameObject: {fileID: 1037621783124323706}
  m_Mesh: {fileID: -5101815848225547389, guid: 948fa270c9d3df44193e7198f40314f7, type: 3}
--- !u!23 &5174908240981645625
MeshRenderer:
  m_ObjectHideFlags: 0
  m_CorrespondingSourceObject: {fileID: 0}
  m_PrefabInstance: {fileID: 0}
  m_PrefabAsset: {fileID: 0}
  m_GameObject: {fileID: 1037621783124323706}
  m_Enabled: 1
  m_CastShadows: 1
  m_ReceiveShadows: 1
  m_DynamicOccludee: 1
  m_MotionVectors: 1
  m_LightProbeUsage: 1
  m_ReflectionProbeUsage: 1
  m_RayTracingMode: 2
  m_RenderingLayerMask: 1
  m_RendererPriority: 0
  m_Materials:
  - {fileID: 2100000, guid: 453eefa604ffab444840b1b5dfeb0d11, type: 2}
  m_StaticBatchInfo:
    firstSubMesh: 0
    subMeshCount: 0
  m_StaticBatchRoot: {fileID: 0}
  m_ProbeAnchor: {fileID: 0}
  m_LightProbeVolumeOverride: {fileID: 0}
  m_ScaleInLightmap: 1
  m_ReceiveGI: 1
  m_PreserveUVs: 0
  m_IgnoreNormalsForChartDetection: 0
  m_ImportantGI: 0
  m_StitchLightmapSeams: 1
  m_SelectedEditorRenderState: 2
  m_MinimumChartSize: 4
  m_AutoUVMaxDistance: 0.5
  m_AutoUVMaxAngle: 89
  m_LightmapParameters: {fileID: 0}
  m_SortingLayerID: 0
  m_SortingLayer: 0
  m_SortingOrder: 0
--- !u!1 &1172815858244810568
GameObject:
  m_ObjectHideFlags: 0
  m_CorrespondingSourceObject: {fileID: 0}
  m_PrefabInstance: {fileID: 0}
  m_PrefabAsset: {fileID: 0}
  serializedVersion: 6
  m_Component:
  - component: {fileID: 357936133754388507}
  - component: {fileID: 8158372230596388001}
  - component: {fileID: 7133379105398190413}
  - component: {fileID: 5931697097006033217}
  - component: {fileID: 984984682978226423}
  - component: {fileID: 6341289211574194254}
  - component: {fileID: 7759197940366380995}
  m_Layer: 0
  m_Name: Interactable
  m_TagString: Interactable
  m_Icon: {fileID: 0}
  m_NavMeshLayer: 0
  m_StaticEditorFlags: 0
  m_IsActive: 1
--- !u!4 &357936133754388507
Transform:
  m_ObjectHideFlags: 0
  m_CorrespondingSourceObject: {fileID: 0}
  m_PrefabInstance: {fileID: 0}
  m_PrefabAsset: {fileID: 0}
  m_GameObject: {fileID: 1172815858244810568}
  m_LocalRotation: {x: -0, y: -0, z: -0, w: 1}
  m_LocalPosition: {x: 0, y: 0, z: 0}
  m_LocalScale: {x: 1, y: 1, z: 1}
  m_Children: []
  m_Father: {fileID: 1601136229292152314}
  m_RootOrder: 1
  m_LocalEulerAnglesHint: {x: 0, y: 0, z: 0}
--- !u!114 &8158372230596388001
MonoBehaviour:
  m_ObjectHideFlags: 0
  m_CorrespondingSourceObject: {fileID: 0}
  m_PrefabInstance: {fileID: 0}
  m_PrefabAsset: {fileID: 0}
  m_GameObject: {fileID: 1172815858244810568}
  m_Enabled: 1
  m_EditorHideFlags: 0
  m_Script: {fileID: 11500000, guid: 891ca12236342574896a268ef7ad691c, type: 3}
  m_Name: 
  m_EditorClassIdentifier: 
  icon: {fileID: 21300000, guid: 9b0746543e0e6b24ab306ec524698d4f, type: 3}
  iconSize: 0
  animateIcon: 1
  iconOffset: {x: 0, y: 0, z: 0}
  iconLocalRotation: {x: 0, y: 0, z: 0}
  iconColor: {r: 1, g: 1, b: 1, a: 0.9019608}
  iconMaterial: {fileID: 0}
  iconLookAtCamera: 1
  particleSystemPrefab: {fileID: 6991914493587351596, guid: 425219481689fa74daa2df0da7e14ce5,
    type: 3}
  interactableType: 3
  isEnemy: 0
  isReachable: 0
  isPressed: 0
  interactableBehaviour: {fileID: 7133379105398190413}
  mainObject: {fileID: 8966695438591455714}
  mainCollider: {fileID: 7759197940366380995}
  rigidBody: {fileID: 4981442099049392296}
  SlideGoal: {fileID: 0}
  isKinematic: 1
  useGravity: 0
  soundPress: {fileID: 0}
  soundRelease: {fileID: 0}
  soundDrag: {fileID: 0}
  soundDestroy: {fileID: 0}
  soundSpawn: {fileID: 0}
  soundEnable: {fileID: 0}
  soundDisable: {fileID: 0}
--- !u!114 &7133379105398190413
MonoBehaviour:
  m_ObjectHideFlags: 0
  m_CorrespondingSourceObject: {fileID: 0}
  m_PrefabInstance: {fileID: 0}
  m_PrefabAsset: {fileID: 0}
  m_GameObject: {fileID: 1172815858244810568}
  m_Enabled: 1
  m_EditorHideFlags: 0
  m_Script: {fileID: 11500000, guid: e8df7ba0f42b3b044bb813ed335bf3c2, type: 3}
  m_Name: 
  m_EditorClassIdentifier: 
  lockBehaviour: 0
  interactable: {fileID: 8158372230596388001}
--- !u!54 &5931697097006033217
Rigidbody:
  m_ObjectHideFlags: 0
  m_CorrespondingSourceObject: {fileID: 0}
  m_PrefabInstance: {fileID: 0}
  m_PrefabAsset: {fileID: 0}
  m_GameObject: {fileID: 1172815858244810568}
  serializedVersion: 2
  m_Mass: 1
  m_Drag: 0
  m_AngularDrag: 0.05
  m_UseGravity: 0
  m_IsKinematic: 1
  m_Interpolate: 0
  m_Constraints: 0
  m_CollisionDetection: 0
--- !u!114 &984984682978226423
MonoBehaviour:
  m_ObjectHideFlags: 0
  m_CorrespondingSourceObject: {fileID: 0}
  m_PrefabInstance: {fileID: 0}
  m_PrefabAsset: {fileID: 0}
  m_GameObject: {fileID: 1172815858244810568}
  m_Enabled: 1
  m_EditorHideFlags: 0
  m_Script: {fileID: 11500000, guid: 10899275cf8c9214e817dd818df22e81, type: 3}
  m_Name: 
  m_EditorClassIdentifier: 
  lockBehaviour: 0
  interactable: {fileID: 8158372230596388001}
  snapOnEnable: 0
  followsCurrentPoint: 1
  mainObjectRenderer: {fileID: 0}
  autoRotate: 0
  lockWhileUnderOther: 1
  player: {fileID: 0}
  canInteractWithPlayer: 0
  minDistToPlayer: 0.25
  tempObjPrefab: {fileID: 0}
  pointObjectPrefab: {fileID: 0}
  pointScale: 0.25
  startPoint: {fileID: 0}
  pointsParent: {fileID: 0}
  points: []
  snapDistance: 0.75
  pointsVisited: []
  maxCountPointsVisited: 10
  lastPoint: {fileID: 0}
  nestedPoints: []
  playerPoints:
  - {fileID: 7677503405582897209}
  - {fileID: 2081566539169417032}
  - {fileID: 5457691019788420376}
  drawPointsInEditor: 0
  hasPlayerOnTop: 0
  description: Set height ray origin points to X units directly above the surface
    to check,where X is the height you want to check
  useVerticalCheck: 0
  heightRayOrigins: []
  useVolume: 1
  thisBoxCollider: {fileID: 7759197940366380995}
  mainObjectClone: {fileID: 0}
  ignoreBoxCenter: 0
  volumeTempPoints: []
  socketPoints:
  - {fileID: 2377349299755929064}
  - {fileID: 7174999099466100925}
  rotationInteractable: {fileID: 9177223853990467412}
  rotationAxis: {x: 0, y: 1, z: 0}
  rotationStep: 90
--- !u!114 &6341289211574194254
MonoBehaviour:
  m_ObjectHideFlags: 0
  m_CorrespondingSourceObject: {fileID: 0}
  m_PrefabInstance: {fileID: 0}
  m_PrefabAsset: {fileID: 0}
  m_GameObject: {fileID: 1172815858244810568}
  m_Enabled: 1
  m_EditorHideFlags: 0
  m_Script: {fileID: 11500000, guid: 2fe39f160f3c5314192a591ac0b57901, type: 3}
  m_Name: 
  m_EditorClassIdentifier: 
  mgItem: {fileID: 5658818214839420126}
  thisCollider: {fileID: 7759197940366380995}
--- !u!65 &7759197940366380995
BoxCollider:
  m_ObjectHideFlags: 0
  m_CorrespondingSourceObject: {fileID: 0}
  m_PrefabInstance: {fileID: 0}
  m_PrefabAsset: {fileID: 0}
  m_GameObject: {fileID: 1172815858244810568}
  m_Material: {fileID: 0}
  m_IsTrigger: 1
  m_Enabled: 1
  serializedVersion: 2
  m_Size: {x: 3.1, y: 0.55, z: 1.1}
  m_Center: {x: 1, y: 0.25, z: 0}
--- !u!1 &1325045500279831010
GameObject:
  m_ObjectHideFlags: 0
  m_CorrespondingSourceObject: {fileID: 0}
  m_PrefabInstance: {fileID: 0}
  m_PrefabAsset: {fileID: 0}
  serializedVersion: 6
  m_Component:
  - component: {fileID: 7174999099466100925}
  m_Layer: 0
  m_Name: SocketPoint_1
  m_TagString: Untagged
  m_Icon: {fileID: 0}
  m_NavMeshLayer: 0
  m_StaticEditorFlags: 0
  m_IsActive: 1
--- !u!4 &7174999099466100925
Transform:
  m_ObjectHideFlags: 0
  m_CorrespondingSourceObject: {fileID: 0}
  m_PrefabInstance: {fileID: 0}
  m_PrefabAsset: {fileID: 0}
  m_GameObject: {fileID: 1325045500279831010}
  m_LocalRotation: {x: -0, y: -0, z: -0, w: 1}
  m_LocalPosition: {x: 2, y: 0, z: 0}
  m_LocalScale: {x: 1, y: 1, z: 1}
  m_Children: []
  m_Father: {fileID: 1601136229292152314}
  m_RootOrder: 7
  m_LocalEulerAnglesHint: {x: 0, y: 0, z: 0}
--- !u!1 &2171577136088630461
GameObject:
  m_ObjectHideFlags: 0
  m_CorrespondingSourceObject: {fileID: 0}
  m_PrefabInstance: {fileID: 0}
  m_PrefabAsset: {fileID: 0}
  serializedVersion: 6
  m_Component:
  - component: {fileID: 762222335980286958}
  - component: {fileID: 112226961135058054}
  - component: {fileID: 9177223853990467412}
  - component: {fileID: 7825719765095137976}
  - component: {fileID: 6644444683756804788}
  m_Layer: 0
  m_Name: rotationHandle
  m_TagString: Interactable
  m_Icon: {fileID: 0}
  m_NavMeshLayer: 0
  m_StaticEditorFlags: 0
  m_IsActive: 0
--- !u!4 &762222335980286958
Transform:
  m_ObjectHideFlags: 0
  m_CorrespondingSourceObject: {fileID: 0}
  m_PrefabInstance: {fileID: 0}
  m_PrefabAsset: {fileID: 0}
  m_GameObject: {fileID: 2171577136088630461}
  m_LocalRotation: {x: 0, y: 0, z: 0, w: 1}
  m_LocalPosition: {x: 0, y: 1, z: 0}
  m_LocalScale: {x: 1, y: 1, z: 1}
  m_Children: []
  m_Father: {fileID: 1601136229292152314}
  m_RootOrder: 5
  m_LocalEulerAnglesHint: {x: 0, y: 0, z: 0}
--- !u!135 &112226961135058054
SphereCollider:
  m_ObjectHideFlags: 0
  m_CorrespondingSourceObject: {fileID: 0}
  m_PrefabInstance: {fileID: 0}
  m_PrefabAsset: {fileID: 0}
  m_GameObject: {fileID: 2171577136088630461}
  m_Material: {fileID: 0}
  m_IsTrigger: 1
  m_Enabled: 1
  serializedVersion: 2
  m_Radius: 0.5
  m_Center: {x: 0, y: 0, z: 0}
--- !u!114 &9177223853990467412
MonoBehaviour:
  m_ObjectHideFlags: 0
  m_CorrespondingSourceObject: {fileID: 0}
  m_PrefabInstance: {fileID: 0}
  m_PrefabAsset: {fileID: 0}
  m_GameObject: {fileID: 2171577136088630461}
  m_Enabled: 1
  m_EditorHideFlags: 0
  m_Script: {fileID: 11500000, guid: 891ca12236342574896a268ef7ad691c, type: 3}
  m_Name: 
  m_EditorClassIdentifier: 
  icon: {fileID: 21300000, guid: 74d3d219266eec747adb89192216077e, type: 3}
  iconSize: 2
  animateIcon: 1
  iconOffset: {x: 0, y: 0, z: 0}
  iconLocalRotation: {x: 0, y: 0, z: 0}
  iconColor: {r: 1, g: 0.9647059, b: 0, a: 0.9019608}
  iconMaterial: {fileID: 0}
  iconLookAtCamera: 1
  particleSystemPrefab: {fileID: 6991914493587351596, guid: 5c7ef7bbbedfaa54cb5e26890cf7f8d1,
    type: 3}
  interactableType: 0
  isEnemy: 0
  isReachable: 0
  isPressed: 0
  interactableBehaviour: {fileID: 7825719765095137976}
  mainObject: {fileID: 0}
  mainCollider: {fileID: 0}
  rigidBody: {fileID: 0}
  SlideGoal: {fileID: 0}
  isKinematic: 0
  useGravity: 0
  soundPress: {fileID: 0}
  soundRelease: {fileID: 0}
  soundDrag: {fileID: 0}
  soundDestroy: {fileID: 0}
  soundSpawn: {fileID: 0}
  soundEnable: {fileID: 0}
  soundDisable: {fileID: 0}
--- !u!114 &7825719765095137976
MonoBehaviour:
  m_ObjectHideFlags: 0
  m_CorrespondingSourceObject: {fileID: 0}
  m_PrefabInstance: {fileID: 0}
  m_PrefabAsset: {fileID: 0}
  m_GameObject: {fileID: 2171577136088630461}
  m_Enabled: 1
  m_EditorHideFlags: 0
  m_Script: {fileID: 11500000, guid: e8df7ba0f42b3b044bb813ed335bf3c2, type: 3}
  m_Name: 
  m_EditorClassIdentifier: 
  lockBehaviour: 0
  interactable: {fileID: 9177223853990467412}
--- !u!54 &6644444683756804788
Rigidbody:
  m_ObjectHideFlags: 0
  m_CorrespondingSourceObject: {fileID: 0}
  m_PrefabInstance: {fileID: 0}
  m_PrefabAsset: {fileID: 0}
  m_GameObject: {fileID: 2171577136088630461}
  serializedVersion: 2
  m_Mass: 1
  m_Drag: 0
  m_AngularDrag: 0.05
  m_UseGravity: 0
  m_IsKinematic: 1
  m_Interpolate: 0
  m_Constraints: 0
  m_CollisionDetection: 0
--- !u!1 &3787557604582243919
GameObject:
  m_ObjectHideFlags: 0
  m_CorrespondingSourceObject: {fileID: 0}
  m_PrefabInstance: {fileID: 0}
  m_PrefabAsset: {fileID: 0}
  serializedVersion: 6
  m_Component:
  - component: {fileID: 793050848808542179}
  - component: {fileID: 3245573406631272970}
  - component: {fileID: 8031435130520858119}
  m_Layer: 0
  m_Name: Box_3_0.5_1_mesh
  m_TagString: Untagged
  m_Icon: {fileID: 0}
  m_NavMeshLayer: 0
  m_StaticEditorFlags: 0
  m_IsActive: 1
--- !u!4 &793050848808542179
Transform:
  m_ObjectHideFlags: 0
  m_CorrespondingSourceObject: {fileID: 0}
  m_PrefabInstance: {fileID: 0}
  m_PrefabAsset: {fileID: 0}
  m_GameObject: {fileID: 3787557604582243919}
  m_LocalRotation: {x: 0, y: 0, z: 0, w: 1}
  m_LocalPosition: {x: 1, y: 0, z: 0}
  m_LocalScale: {x: 1, y: 1, z: 1}
  m_Children: []
  m_Father: {fileID: 1601136229292152314}
  m_RootOrder: 0
  m_LocalEulerAnglesHint: {x: 0, y: 0, z: 0}
--- !u!33 &3245573406631272970
MeshFilter:
  m_ObjectHideFlags: 0
  m_CorrespondingSourceObject: {fileID: 0}
  m_PrefabInstance: {fileID: 0}
  m_PrefabAsset: {fileID: 0}
  m_GameObject: {fileID: 3787557604582243919}
  m_Mesh: {fileID: -5101815848225547389, guid: 948fa270c9d3df44193e7198f40314f7, type: 3}
--- !u!23 &8031435130520858119
MeshRenderer:
  m_ObjectHideFlags: 0
  m_CorrespondingSourceObject: {fileID: 0}
  m_PrefabInstance: {fileID: 0}
  m_PrefabAsset: {fileID: 0}
  m_GameObject: {fileID: 3787557604582243919}
  m_Enabled: 1
  m_CastShadows: 1
  m_ReceiveShadows: 1
  m_DynamicOccludee: 1
  m_MotionVectors: 1
  m_LightProbeUsage: 1
  m_ReflectionProbeUsage: 1
  m_RayTracingMode: 2
  m_RenderingLayerMask: 1
  m_RendererPriority: 0
  m_Materials:
  - {fileID: 2100000, guid: 453eefa604ffab444840b1b5dfeb0d11, type: 2}
  m_StaticBatchInfo:
    firstSubMesh: 0
    subMeshCount: 0
  m_StaticBatchRoot: {fileID: 0}
  m_ProbeAnchor: {fileID: 0}
  m_LightProbeVolumeOverride: {fileID: 0}
  m_ScaleInLightmap: 1
  m_ReceiveGI: 1
  m_PreserveUVs: 0
  m_IgnoreNormalsForChartDetection: 0
  m_ImportantGI: 0
  m_StitchLightmapSeams: 1
  m_SelectedEditorRenderState: 2
  m_MinimumChartSize: 4
  m_AutoUVMaxDistance: 0.5
  m_AutoUVMaxAngle: 89
  m_LightmapParameters: {fileID: 0}
  m_SortingLayerID: 0
  m_SortingLayer: 0
  m_SortingOrder: 0
--- !u!1 &4926408154132615282
GameObject:
  m_ObjectHideFlags: 0
  m_CorrespondingSourceObject: {fileID: 0}
  m_PrefabInstance: {fileID: 0}
  m_PrefabAsset: {fileID: 0}
  serializedVersion: 6
  m_Component:
  - component: {fileID: 2377349299755929064}
  m_Layer: 0
  m_Name: SocketPoint_0
  m_TagString: Untagged
  m_Icon: {fileID: 0}
  m_NavMeshLayer: 0
  m_StaticEditorFlags: 0
  m_IsActive: 1
--- !u!4 &2377349299755929064
Transform:
  m_ObjectHideFlags: 0
  m_CorrespondingSourceObject: {fileID: 0}
  m_PrefabInstance: {fileID: 0}
  m_PrefabAsset: {fileID: 0}
  m_GameObject: {fileID: 4926408154132615282}
  m_LocalRotation: {x: -0, y: -0, z: -0, w: 1}
  m_LocalPosition: {x: 0, y: 0, z: 0}
  m_LocalScale: {x: 1, y: 1, z: 1}
  m_Children: []
  m_Father: {fileID: 1601136229292152314}
  m_RootOrder: 6
  m_LocalEulerAnglesHint: {x: 0, y: 0, z: 0}
--- !u!1 &6399897836146557193
GameObject:
  m_ObjectHideFlags: 0
  m_CorrespondingSourceObject: {fileID: 0}
  m_PrefabInstance: {fileID: 0}
  m_PrefabAsset: {fileID: 0}
  serializedVersion: 6
  m_Component:
  - component: {fileID: 6260046135652190738}
  m_Layer: 0
  m_Name: SnapPoint_1
  m_TagString: Untagged
  m_Icon: {fileID: 0}
  m_NavMeshLayer: 0
  m_StaticEditorFlags: 0
  m_IsActive: 1
--- !u!4 &6260046135652190738
Transform:
  m_ObjectHideFlags: 0
  m_CorrespondingSourceObject: {fileID: 0}
  m_PrefabInstance: {fileID: 0}
  m_PrefabAsset: {fileID: 0}
  m_GameObject: {fileID: 6399897836146557193}
  m_LocalRotation: {x: 0, y: 0, z: 0, w: 1}
  m_LocalPosition: {x: 1, y: 0.5, z: 0}
  m_LocalScale: {x: 1, y: 1, z: 1}
  m_Children: []
  m_Father: {fileID: 1601136229292152314}
  m_RootOrder: 3
  m_LocalEulerAnglesHint: {x: 0, y: 0, z: 0}
--- !u!1 &8331605781203145410
GameObject:
  m_ObjectHideFlags: 0
  m_CorrespondingSourceObject: {fileID: 0}
  m_PrefabInstance: {fileID: 0}
  m_PrefabAsset: {fileID: 0}
  serializedVersion: 6
  m_Component:
  - component: {fileID: 8946259619832318304}
  m_Layer: 0
  m_Name: SnapPoint_2
  m_TagString: Untagged
  m_Icon: {fileID: 0}
  m_NavMeshLayer: 0
  m_StaticEditorFlags: 0
  m_IsActive: 1
--- !u!4 &8946259619832318304
Transform:
  m_ObjectHideFlags: 0
  m_CorrespondingSourceObject: {fileID: 0}
  m_PrefabInstance: {fileID: 0}
  m_PrefabAsset: {fileID: 0}
  m_GameObject: {fileID: 8331605781203145410}
  m_LocalRotation: {x: 0, y: 0, z: 0, w: 1}
  m_LocalPosition: {x: 2, y: 0.5, z: 0}
  m_LocalScale: {x: 1, y: 1, z: 1}
  m_Children: []
  m_Father: {fileID: 1601136229292152314}
  m_RootOrder: 4
  m_LocalEulerAnglesHint: {x: 0, y: 0, z: 0}
--- !u!1 &8390363738951761793
GameObject:
  m_ObjectHideFlags: 0
  m_CorrespondingSourceObject: {fileID: 0}
  m_PrefabInstance: {fileID: 0}
  m_PrefabAsset: {fileID: 0}
  serializedVersion: 6
  m_Component:
  - component: {fileID: 6161956352473392259}
  m_Layer: 0
  m_Name: SnapPoint_0
  m_TagString: Untagged
  m_Icon: {fileID: 0}
  m_NavMeshLayer: 0
  m_StaticEditorFlags: 0
  m_IsActive: 1
--- !u!4 &6161956352473392259
Transform:
  m_ObjectHideFlags: 0
  m_CorrespondingSourceObject: {fileID: 0}
  m_PrefabInstance: {fileID: 0}
  m_PrefabAsset: {fileID: 0}
  m_GameObject: {fileID: 8390363738951761793}
  m_LocalRotation: {x: 0, y: 0, z: 0, w: 1}
  m_LocalPosition: {x: 0, y: 0.5, z: 0}
  m_LocalScale: {x: 1, y: 1, z: 1}
  m_Children: []
  m_Father: {fileID: 1601136229292152314}
  m_RootOrder: 2
  m_LocalEulerAnglesHint: {x: 0, y: 0, z: 0}
--- !u!1 &8966695438591455714
GameObject:
  m_ObjectHideFlags: 0
  m_CorrespondingSourceObject: {fileID: 0}
  m_PrefabInstance: {fileID: 0}
  m_PrefabAsset: {fileID: 0}
  serializedVersion: 6
  m_Component:
  - component: {fileID: 1601136229292152314}
  - component: {fileID: 5658818214839420126}
  - component: {fileID: 4981442099049392296}
  - component: {fileID: 6138950562259497202}
  m_Layer: 0
  m_Name: Box_3_0.5_1_Exp
  m_TagString: Untagged
  m_Icon: {fileID: 0}
  m_NavMeshLayer: 0
  m_StaticEditorFlags: 8
  m_IsActive: 1
--- !u!4 &1601136229292152314
Transform:
  m_ObjectHideFlags: 0
  m_CorrespondingSourceObject: {fileID: 0}
  m_PrefabInstance: {fileID: 0}
  m_PrefabAsset: {fileID: 0}
  m_GameObject: {fileID: 8966695438591455714}
  m_LocalRotation: {x: -0, y: -0, z: -0, w: 1}
  m_LocalPosition: {x: -2, y: 0, z: -5}
  m_LocalScale: {x: 1, y: 1, z: 1}
  m_Children:
  - {fileID: 793050848808542179}
  - {fileID: 357936133754388507}
  - {fileID: 6161956352473392259}
  - {fileID: 6260046135652190738}
  - {fileID: 8946259619832318304}
  - {fileID: 762222335980286958}
  - {fileID: 2377349299755929064}
  - {fileID: 7174999099466100925}
  - {fileID: 7677503405582897209}
  - {fileID: 2081566539169417032}
  - {fileID: 5457691019788420376}
  - {fileID: 8350383944657081017}
  m_Father: {fileID: 0}
  m_RootOrder: 0
  m_LocalEulerAnglesHint: {x: 0, y: 0, z: 0}
--- !u!114 &5658818214839420126
MonoBehaviour:
  m_ObjectHideFlags: 0
  m_CorrespondingSourceObject: {fileID: 0}
  m_PrefabInstance: {fileID: 0}
  m_PrefabAsset: {fileID: 0}
  m_GameObject: {fileID: 8966695438591455714}
  m_Enabled: 1
  m_EditorHideFlags: 0
  m_Script: {fileID: 11500000, guid: 94e4c57c6a6c96c439125e6e1de1240e, type: 3}
  m_Name: 
  m_EditorClassIdentifier: 
  itemIndex: 8
  mazeGameScript: {fileID: 0}
  isDestroyable: 1
  initialMeshrenderer: {fileID: 5174908240981645625}
  initialMesh: {fileID: 3156985477055777646}
  iconMesh: {fileID: -5101815848225547389, guid: 948fa270c9d3df44193e7198f40314f7,
    type: 3}
  meshRenderers:
  - {fileID: 8031435130520858119}
  interactableDragToPoints: {fileID: 984984682978226423}
  snapPoints:
  - {fileID: 6161956352473392259}
  - {fileID: 6260046135652190738}
  - {fileID: 8946259619832318304}
  walkTargets:
  - {fileID: 7032010543880396625}
  - {fileID: 1728948240010463264}
  - {fileID: 4656966035667159664}
  rotationHandle: {fileID: 9177223853990467412}
  materialLock: {fileID: 2100000, guid: 0454d5a9dd37b274f8d3cdf4bc5be929, type: 2}
  material: {fileID: 2100000, guid: f7d364a921052a34a96587ca592d5804, type: 2}
  materialInit: {fileID: 2100000, guid: 453eefa604ffab444840b1b5dfeb0d11, type: 2}
  materialSel: {fileID: 2100000, guid: 64acf99ddd3a9dd4db4f624a39c762b4, type: 2}
  materialWalkable: {fileID: 2100000, guid: 89a2fc34f7ae84041b4d06c27a047cc6, type: 2}
  materialWalkableLocked: {fileID: 2100000, guid: 425d8e05c18c86f478f241146d731a76,
    type: 2}
  materialWalkableSelect: {fileID: 2100000, guid: 16f52d97fbc064b46bf1176414511d9d,
    type: 2}
  currentMaterial: {fileID: 0}
  mgCollider: {fileID: 6341289211574194254}
  mazeGameNavMesh: {fileID: 0}
  isBlocker: 0
  isLocked: 0
  isInitialized: 0
  isOnTopOfOther: 0
  itemOnTop: 0
  playerOnTop: 0
  isWalkable: 0
  easyRotateScript: {fileID: 6138950562259497202}
--- !u!54 &4981442099049392296
Rigidbody:
  m_ObjectHideFlags: 0
  m_CorrespondingSourceObject: {fileID: 0}
  m_PrefabInstance: {fileID: 0}
  m_PrefabAsset: {fileID: 0}
  m_GameObject: {fileID: 8966695438591455714}
  serializedVersion: 2
  m_Mass: 1
  m_Drag: 0
  m_AngularDrag: 0.05
  m_UseGravity: 0
  m_IsKinematic: 1
  m_Interpolate: 0
  m_Constraints: 0
  m_CollisionDetection: 0
--- !u!114 &6138950562259497202
MonoBehaviour:
  m_ObjectHideFlags: 0
  m_CorrespondingSourceObject: {fileID: 0}
  m_PrefabInstance: {fileID: 0}
  m_PrefabAsset: {fileID: 0}
  m_GameObject: {fileID: 8966695438591455714}
  m_Enabled: 1
  m_EditorHideFlags: 0
  m_Script: {fileID: 11500000, guid: bc6fdf2229c957c41a15643b83b9ef70, type: 3}
  m_Name: 
  m_EditorClassIdentifier: 
  useLocalRotation: 1
  rotationAxis: {x: 0, y: 1, z: 0}
  rotationMultiplier: 30
--- !u!1001 &1666994647719299266
PrefabInstance:
  m_ObjectHideFlags: 0
  serializedVersion: 2
  m_Modification:
    m_TransformParent: {fileID: 1601136229292152314}
    m_Modifications:
    - target: {fileID: 847080739605385098, guid: 8fb5f69d451f3d24d8e10ae7f05ee47e,
        type: 3}
      propertyPath: m_RootOrder
      value: 9
      objectReference: {fileID: 0}
    - target: {fileID: 847080739605385098, guid: 8fb5f69d451f3d24d8e10ae7f05ee47e,
        type: 3}
      propertyPath: m_LocalPosition.x
      value: 2
      objectReference: {fileID: 0}
    - target: {fileID: 847080739605385098, guid: 8fb5f69d451f3d24d8e10ae7f05ee47e,
        type: 3}
      propertyPath: m_LocalPosition.y
      value: 0.5
      objectReference: {fileID: 0}
    - target: {fileID: 847080739605385098, guid: 8fb5f69d451f3d24d8e10ae7f05ee47e,
        type: 3}
      propertyPath: m_LocalPosition.z
      value: 0
      objectReference: {fileID: 0}
    - target: {fileID: 847080739605385098, guid: 8fb5f69d451f3d24d8e10ae7f05ee47e,
        type: 3}
      propertyPath: m_LocalRotation.w
      value: 1
      objectReference: {fileID: 0}
    - target: {fileID: 847080739605385098, guid: 8fb5f69d451f3d24d8e10ae7f05ee47e,
        type: 3}
      propertyPath: m_LocalRotation.x
      value: 0
      objectReference: {fileID: 0}
    - target: {fileID: 847080739605385098, guid: 8fb5f69d451f3d24d8e10ae7f05ee47e,
        type: 3}
      propertyPath: m_LocalRotation.y
      value: 0
      objectReference: {fileID: 0}
    - target: {fileID: 847080739605385098, guid: 8fb5f69d451f3d24d8e10ae7f05ee47e,
        type: 3}
      propertyPath: m_LocalRotation.z
      value: 0
      objectReference: {fileID: 0}
    - target: {fileID: 847080739605385098, guid: 8fb5f69d451f3d24d8e10ae7f05ee47e,
        type: 3}
      propertyPath: m_LocalEulerAnglesHint.x
      value: 0
      objectReference: {fileID: 0}
    - target: {fileID: 847080739605385098, guid: 8fb5f69d451f3d24d8e10ae7f05ee47e,
        type: 3}
      propertyPath: m_LocalEulerAnglesHint.y
      value: 0
      objectReference: {fileID: 0}
    - target: {fileID: 847080739605385098, guid: 8fb5f69d451f3d24d8e10ae7f05ee47e,
        type: 3}
      propertyPath: m_LocalEulerAnglesHint.z
      value: 0
      objectReference: {fileID: 0}
    - target: {fileID: 2265424663634278617, guid: 8fb5f69d451f3d24d8e10ae7f05ee47e,
        type: 3}
      propertyPath: m_Name
      value: MG_WalkTarget (1)
      objectReference: {fileID: 0}
    m_RemovedComponents: []
  m_SourcePrefab: {fileID: 100100000, guid: 8fb5f69d451f3d24d8e10ae7f05ee47e, type: 3}
--- !u!135 &1728948240010463264 stripped
SphereCollider:
  m_CorrespondingSourceObject: {fileID: 61976787631276258, guid: 8fb5f69d451f3d24d8e10ae7f05ee47e,
    type: 3}
  m_PrefabInstance: {fileID: 1666994647719299266}
  m_PrefabAsset: {fileID: 0}
--- !u!4 &2081566539169417032 stripped
Transform:
  m_CorrespondingSourceObject: {fileID: 847080739605385098, guid: 8fb5f69d451f3d24d8e10ae7f05ee47e,
    type: 3}
  m_PrefabInstance: {fileID: 1666994647719299266}
  m_PrefabAsset: {fileID: 0}
--- !u!1001 &4646855413228440210
PrefabInstance:
  m_ObjectHideFlags: 0
  serializedVersion: 2
  m_Modification:
    m_TransformParent: {fileID: 1601136229292152314}
    m_Modifications:
    - target: {fileID: 847080739605385098, guid: 8fb5f69d451f3d24d8e10ae7f05ee47e,
        type: 3}
      propertyPath: m_RootOrder
      value: 10
      objectReference: {fileID: 0}
    - target: {fileID: 847080739605385098, guid: 8fb5f69d451f3d24d8e10ae7f05ee47e,
        type: 3}
      propertyPath: m_LocalPosition.x
      value: 0
      objectReference: {fileID: 0}
    - target: {fileID: 847080739605385098, guid: 8fb5f69d451f3d24d8e10ae7f05ee47e,
        type: 3}
      propertyPath: m_LocalPosition.y
      value: 0.5
      objectReference: {fileID: 0}
    - target: {fileID: 847080739605385098, guid: 8fb5f69d451f3d24d8e10ae7f05ee47e,
        type: 3}
      propertyPath: m_LocalPosition.z
      value: 0
      objectReference: {fileID: 0}
    - target: {fileID: 847080739605385098, guid: 8fb5f69d451f3d24d8e10ae7f05ee47e,
        type: 3}
      propertyPath: m_LocalRotation.w
      value: 1
      objectReference: {fileID: 0}
    - target: {fileID: 847080739605385098, guid: 8fb5f69d451f3d24d8e10ae7f05ee47e,
        type: 3}
      propertyPath: m_LocalRotation.x
      value: 0
      objectReference: {fileID: 0}
    - target: {fileID: 847080739605385098, guid: 8fb5f69d451f3d24d8e10ae7f05ee47e,
        type: 3}
      propertyPath: m_LocalRotation.y
      value: 0
      objectReference: {fileID: 0}
    - target: {fileID: 847080739605385098, guid: 8fb5f69d451f3d24d8e10ae7f05ee47e,
        type: 3}
      propertyPath: m_LocalRotation.z
      value: 0
      objectReference: {fileID: 0}
    - target: {fileID: 847080739605385098, guid: 8fb5f69d451f3d24d8e10ae7f05ee47e,
        type: 3}
      propertyPath: m_LocalEulerAnglesHint.x
      value: 0
      objectReference: {fileID: 0}
    - target: {fileID: 847080739605385098, guid: 8fb5f69d451f3d24d8e10ae7f05ee47e,
        type: 3}
      propertyPath: m_LocalEulerAnglesHint.y
      value: 0
      objectReference: {fileID: 0}
    - target: {fileID: 847080739605385098, guid: 8fb5f69d451f3d24d8e10ae7f05ee47e,
        type: 3}
      propertyPath: m_LocalEulerAnglesHint.z
      value: 0
      objectReference: {fileID: 0}
    - target: {fileID: 2265424663634278617, guid: 8fb5f69d451f3d24d8e10ae7f05ee47e,
        type: 3}
      propertyPath: m_Name
      value: MG_WalkTarget (2)
      objectReference: {fileID: 0}
    m_RemovedComponents: []
  m_SourcePrefab: {fileID: 100100000, guid: 8fb5f69d451f3d24d8e10ae7f05ee47e, type: 3}
--- !u!4 &5457691019788420376 stripped
Transform:
  m_CorrespondingSourceObject: {fileID: 847080739605385098, guid: 8fb5f69d451f3d24d8e10ae7f05ee47e,
    type: 3}
  m_PrefabInstance: {fileID: 4646855413228440210}
  m_PrefabAsset: {fileID: 0}
--- !u!135 &4656966035667159664 stripped
SphereCollider:
  m_CorrespondingSourceObject: {fileID: 61976787631276258, guid: 8fb5f69d451f3d24d8e10ae7f05ee47e,
    type: 3}
  m_PrefabInstance: {fileID: 4646855413228440210}
  m_PrefabAsset: {fileID: 0}
--- !u!1001 &7010582733720117171
PrefabInstance:
  m_ObjectHideFlags: 0
  serializedVersion: 2
  m_Modification:
    m_TransformParent: {fileID: 1601136229292152314}
    m_Modifications:
    - target: {fileID: 847080739605385098, guid: 8fb5f69d451f3d24d8e10ae7f05ee47e,
        type: 3}
      propertyPath: m_RootOrder
      value: 8
      objectReference: {fileID: 0}
    - target: {fileID: 847080739605385098, guid: 8fb5f69d451f3d24d8e10ae7f05ee47e,
        type: 3}
      propertyPath: m_LocalPosition.x
      value: 1
      objectReference: {fileID: 0}
    - target: {fileID: 847080739605385098, guid: 8fb5f69d451f3d24d8e10ae7f05ee47e,
        type: 3}
      propertyPath: m_LocalPosition.y
      value: 0.5
      objectReference: {fileID: 0}
    - target: {fileID: 847080739605385098, guid: 8fb5f69d451f3d24d8e10ae7f05ee47e,
        type: 3}
      propertyPath: m_LocalPosition.z
      value: 0
      objectReference: {fileID: 0}
    - target: {fileID: 847080739605385098, guid: 8fb5f69d451f3d24d8e10ae7f05ee47e,
        type: 3}
      propertyPath: m_LocalRotation.w
      value: 1
      objectReference: {fileID: 0}
    - target: {fileID: 847080739605385098, guid: 8fb5f69d451f3d24d8e10ae7f05ee47e,
        type: 3}
      propertyPath: m_LocalRotation.x
      value: 0
      objectReference: {fileID: 0}
    - target: {fileID: 847080739605385098, guid: 8fb5f69d451f3d24d8e10ae7f05ee47e,
        type: 3}
      propertyPath: m_LocalRotation.y
      value: 0
      objectReference: {fileID: 0}
    - target: {fileID: 847080739605385098, guid: 8fb5f69d451f3d24d8e10ae7f05ee47e,
        type: 3}
      propertyPath: m_LocalRotation.z
      value: 0
      objectReference: {fileID: 0}
    - target: {fileID: 847080739605385098, guid: 8fb5f69d451f3d24d8e10ae7f05ee47e,
        type: 3}
      propertyPath: m_LocalEulerAnglesHint.x
      value: 0
      objectReference: {fileID: 0}
    - target: {fileID: 847080739605385098, guid: 8fb5f69d451f3d24d8e10ae7f05ee47e,
        type: 3}
      propertyPath: m_LocalEulerAnglesHint.y
      value: 0
      objectReference: {fileID: 0}
    - target: {fileID: 847080739605385098, guid: 8fb5f69d451f3d24d8e10ae7f05ee47e,
        type: 3}
      propertyPath: m_LocalEulerAnglesHint.z
      value: 0
      objectReference: {fileID: 0}
    - target: {fileID: 2265424663634278617, guid: 8fb5f69d451f3d24d8e10ae7f05ee47e,
        type: 3}
      propertyPath: m_Name
      value: MG_WalkTarget
      objectReference: {fileID: 0}
    m_RemovedComponents: []
  m_SourcePrefab: {fileID: 100100000, guid: 8fb5f69d451f3d24d8e10ae7f05ee47e, type: 3}
--- !u!4 &7677503405582897209 stripped
Transform:
  m_CorrespondingSourceObject: {fileID: 847080739605385098, guid: 8fb5f69d451f3d24d8e10ae7f05ee47e,
    type: 3}
  m_PrefabInstance: {fileID: 7010582733720117171}
  m_PrefabAsset: {fileID: 0}
--- !u!135 &7032010543880396625 stripped
SphereCollider:
  m_CorrespondingSourceObject: {fileID: 61976787631276258, guid: 8fb5f69d451f3d24d8e10ae7f05ee47e,
    type: 3}
  m_PrefabInstance: {fileID: 7010582733720117171}
  m_PrefabAsset: {fileID: 0}
