%YAML 1.1
%TAG !u! tag:unity3d.com,2011:
--- !u!1 &1107827316674912902
GameObject:
  m_ObjectHideFlags: 0
  m_CorrespondingSourceObject: {fileID: 0}
  m_PrefabInstance: {fileID: 0}
  m_PrefabAsset: {fileID: 0}
  serializedVersion: 6
  m_Component:
  - component: {fileID: 9007231929813879439}
  - component: {fileID: 8121685046414626702}
  m_Layer: 0
  m_Name: AVG_GameSet_Normal 1
  m_TagString: Untagged
  m_Icon: {fileID: 0}
  m_NavMeshLayer: 0
  m_StaticEditorFlags: 0
  m_IsActive: 1
--- !u!4 &9007231929813879439
Transform:
  m_ObjectHideFlags: 0
  m_CorrespondingSourceObject: {fileID: 0}
  m_PrefabInstance: {fileID: 0}
  m_PrefabAsset: {fileID: 0}
  m_GameObject: {fileID: 1107827316674912902}
  m_LocalRotation: {x: 0, y: 0, z: 0, w: 1}
  m_LocalPosition: {x: 0, y: 0, z: 0}
  m_LocalScale: {x: 1, y: 1, z: 1}
  m_Children:
  - {fileID: 116708282945162605}
  - {fileID: 551442156611057596}
  - {fileID: 7638388976521479468}
  - {fileID: 1949666295379498089}
  - {fileID: 8357755226384701161}
  - {fileID: 4605952319922184680}
  - {fileID: 5581546660205352463}
  m_Father: {fileID: 0}
  m_RootOrder: 0
  m_LocalEulerAnglesHint: {x: 0, y: 0, z: 0}
--- !u!114 &8121685046414626702
MonoBehaviour:
  m_ObjectHideFlags: 0
  m_CorrespondingSourceObject: {fileID: 0}
  m_PrefabInstance: {fileID: 0}
  m_PrefabAsset: {fileID: 0}
  m_GameObject: {fileID: 1107827316674912902}
  m_Enabled: 1
  m_EditorHideFlags: 0
  m_Script: {fileID: 11500000, guid: 3c46e0e4407a1584e83b3142f6f62ae6, type: 3}
  m_Name: 
  m_EditorClassIdentifier: 
  colorMode: 0
  playerVoxel: {fileID: 0}
  startShapesVoxel: 0
  gridSize: {x: 12, y: 12}
  gridHeight: 5
  worldScale: 1.25
  showBounds: 1
  isVertical: 0
  worldYrotation: 0
  X: 1
  X_: 1
  Y: 0
  Z: 1
  Z_: 1
  Move_XZ: 0
  Move_Y: 0
  showX: 1
  showY: 1
  showZ: 1
  targetShapes: {x: 3, y: 4, z: 5}
  targetVolumes:
  - targetVolume: 40
    startShapes:
    - {fileID: 116708282945162605}
    - {fileID: 551442156611057596}
    - {fileID: 7638388976521479468}
    - {fileID: 1949666295379498089}
    isNegativeShape: 00000000
  - targetVolume: 100
    startShapes:
    - {fileID: 4605952319922184680}
    - {fileID: 5581546660205352463}
    isNegativeShape: 0001
  setManipulator: 1
  m_position: {x: 0, y: 0, z: 0}
  posX: 1
  negX: 1
  posZ: 1
  negZ: 1
  posY: 3
--- !u!23 &641647570815908105
MeshRenderer:
  m_ObjectHideFlags: 0
  m_CorrespondingSourceObject: {fileID: 0}
  m_PrefabInstance: {fileID: 0}
  m_PrefabAsset: {fileID: 0}
  m_GameObject: {fileID: 2027578926494662818}
  m_Enabled: 1
  m_CastShadows: 1
  m_ReceiveShadows: 1
  m_DynamicOccludee: 1
  m_MotionVectors: 1
  m_LightProbeUsage: 1
  m_ReflectionProbeUsage: 1
  m_RenderingLayerMask: 1
  m_RendererPriority: 0
  m_Materials:
  - {fileID: 2100000, guid: 28e0ceba9fa89384392f07e523cc0009, type: 2}
  m_StaticBatchInfo:
    firstSubMesh: 0
    subMeshCount: 0
  m_StaticBatchRoot: {fileID: 0}
  m_ProbeAnchor: {fileID: 0}
  m_LightProbeVolumeOverride: {fileID: 0}
  m_ScaleInLightmap: 1
  m_ReceiveGI: 1
  m_PreserveUVs: 0
  m_IgnoreNormalsForChartDetection: 0
  m_ImportantGI: 0
  m_StitchLightmapSeams: 1
  m_SelectedEditorRenderState: 3
  m_MinimumChartSize: 4
  m_AutoUVMaxDistance: 0.5
  m_AutoUVMaxAngle: 89
  m_LightmapParameters: {fileID: 0}
  m_SortingLayerID: 0
  m_SortingLayer: 0
  m_SortingOrder: 0
--- !u!33 &5301229619305161030
MeshFilter:
  m_ObjectHideFlags: 0
  m_CorrespondingSourceObject: {fileID: 0}
  m_PrefabInstance: {fileID: 0}
  m_PrefabAsset: {fileID: 0}
  m_GameObject: {fileID: 2027578926494662818}
  m_Mesh: {fileID: 10202, guid: 0000000000000000e000000000000000, type: 0}
--- !u!33 &3187990296587171140
MeshFilter:
  m_ObjectHideFlags: 0
  m_CorrespondingSourceObject: {fileID: 0}
  m_PrefabInstance: {fileID: 0}
  m_PrefabAsset: {fileID: 0}
  m_GameObject: {fileID: 4276107485134459777}
  m_Mesh: {fileID: 10202, guid: 0000000000000000e000000000000000, type: 0}
--- !u!23 &3469059436880721552
MeshRenderer:
  m_ObjectHideFlags: 0
  m_CorrespondingSourceObject: {fileID: 0}
  m_PrefabInstance: {fileID: 0}
  m_PrefabAsset: {fileID: 0}
  m_GameObject: {fileID: 4276107485134459777}
  m_Enabled: 1
  m_CastShadows: 1
  m_ReceiveShadows: 1
  m_DynamicOccludee: 1
  m_MotionVectors: 1
  m_LightProbeUsage: 1
  m_ReflectionProbeUsage: 1
  m_RenderingLayerMask: 1
  m_RendererPriority: 0
  m_Materials:
  - {fileID: 2100000, guid: 491868a861e4cb5439af14b3232e8ef3, type: 2}
  m_StaticBatchInfo:
    firstSubMesh: 0
    subMeshCount: 0
  m_StaticBatchRoot: {fileID: 0}
  m_ProbeAnchor: {fileID: 0}
  m_LightProbeVolumeOverride: {fileID: 0}
  m_ScaleInLightmap: 1
  m_ReceiveGI: 1
  m_PreserveUVs: 0
  m_IgnoreNormalsForChartDetection: 0
  m_ImportantGI: 0
  m_StitchLightmapSeams: 1
  m_SelectedEditorRenderState: 3
  m_MinimumChartSize: 4
  m_AutoUVMaxDistance: 0.5
  m_AutoUVMaxAngle: 89
  m_LightmapParameters: {fileID: 0}
  m_SortingLayerID: 0
  m_SortingLayer: 0
  m_SortingOrder: 0
--- !u!23 &2294160575295699895
MeshRenderer:
  m_ObjectHideFlags: 0
  m_CorrespondingSourceObject: {fileID: 0}
  m_PrefabInstance: {fileID: 0}
  m_PrefabAsset: {fileID: 0}
  m_GameObject: {fileID: 5357120256968164036}
  m_Enabled: 1
  m_CastShadows: 1
  m_ReceiveShadows: 1
  m_DynamicOccludee: 1
  m_MotionVectors: 1
  m_LightProbeUsage: 1
  m_ReflectionProbeUsage: 1
  m_RenderingLayerMask: 1
  m_RendererPriority: 0
  m_Materials:
  - {fileID: 2100000, guid: 491868a861e4cb5439af14b3232e8ef3, type: 2}
  m_StaticBatchInfo:
    firstSubMesh: 0
    subMeshCount: 0
  m_StaticBatchRoot: {fileID: 0}
  m_ProbeAnchor: {fileID: 0}
  m_LightProbeVolumeOverride: {fileID: 0}
  m_ScaleInLightmap: 1
  m_ReceiveGI: 1
  m_PreserveUVs: 0
  m_IgnoreNormalsForChartDetection: 0
  m_ImportantGI: 0
  m_StitchLightmapSeams: 1
  m_SelectedEditorRenderState: 3
  m_MinimumChartSize: 4
  m_AutoUVMaxDistance: 0.5
  m_AutoUVMaxAngle: 89
  m_LightmapParameters: {fileID: 0}
  m_SortingLayerID: 0
  m_SortingLayer: 0
  m_SortingOrder: 0
--- !u!33 &8094746649469222439
MeshFilter:
  m_ObjectHideFlags: 0
  m_CorrespondingSourceObject: {fileID: 0}
  m_PrefabInstance: {fileID: 0}
  m_PrefabAsset: {fileID: 0}
  m_GameObject: {fileID: 5357120256968164036}
  m_Mesh: {fileID: 10202, guid: 0000000000000000e000000000000000, type: 0}
--- !u!33 &2289805808530405666
MeshFilter:
  m_ObjectHideFlags: 0
  m_CorrespondingSourceObject: {fileID: 0}
  m_PrefabInstance: {fileID: 0}
  m_PrefabAsset: {fileID: 0}
  m_GameObject: {fileID: 5821019922822355904}
  m_Mesh: {fileID: 10202, guid: 0000000000000000e000000000000000, type: 0}
--- !u!23 &3668712729760232748
MeshRenderer:
  m_ObjectHideFlags: 0
  m_CorrespondingSourceObject: {fileID: 0}
  m_PrefabInstance: {fileID: 0}
  m_PrefabAsset: {fileID: 0}
  m_GameObject: {fileID: 5821019922822355904}
  m_Enabled: 1
  m_CastShadows: 1
  m_ReceiveShadows: 1
  m_DynamicOccludee: 1
  m_MotionVectors: 1
  m_LightProbeUsage: 1
  m_ReflectionProbeUsage: 1
  m_RenderingLayerMask: 1
  m_RendererPriority: 0
  m_Materials:
  - {fileID: 2100000, guid: 491868a861e4cb5439af14b3232e8ef3, type: 2}
  m_StaticBatchInfo:
    firstSubMesh: 0
    subMeshCount: 0
  m_StaticBatchRoot: {fileID: 0}
  m_ProbeAnchor: {fileID: 0}
  m_LightProbeVolumeOverride: {fileID: 0}
  m_ScaleInLightmap: 1
  m_ReceiveGI: 1
  m_PreserveUVs: 0
  m_IgnoreNormalsForChartDetection: 0
  m_ImportantGI: 0
  m_StitchLightmapSeams: 1
  m_SelectedEditorRenderState: 3
  m_MinimumChartSize: 4
  m_AutoUVMaxDistance: 0.5
  m_AutoUVMaxAngle: 89
  m_LightmapParameters: {fileID: 0}
  m_SortingLayerID: 0
  m_SortingLayer: 0
  m_SortingOrder: 0
--- !u!23 &7074682973217806321
MeshRenderer:
  m_ObjectHideFlags: 0
  m_CorrespondingSourceObject: {fileID: 0}
  m_PrefabInstance: {fileID: 0}
  m_PrefabAsset: {fileID: 0}
  m_GameObject: {fileID: 6265024881788494097}
  m_Enabled: 1
  m_CastShadows: 1
  m_ReceiveShadows: 1
  m_DynamicOccludee: 1
  m_MotionVectors: 1
  m_LightProbeUsage: 1
  m_ReflectionProbeUsage: 1
  m_RenderingLayerMask: 1
  m_RendererPriority: 0
  m_Materials:
  - {fileID: 2100000, guid: 491868a861e4cb5439af14b3232e8ef3, type: 2}
  m_StaticBatchInfo:
    firstSubMesh: 0
    subMeshCount: 0
  m_StaticBatchRoot: {fileID: 0}
  m_ProbeAnchor: {fileID: 0}
  m_LightProbeVolumeOverride: {fileID: 0}
  m_ScaleInLightmap: 1
  m_ReceiveGI: 1
  m_PreserveUVs: 0
  m_IgnoreNormalsForChartDetection: 0
  m_ImportantGI: 0
  m_StitchLightmapSeams: 1
  m_SelectedEditorRenderState: 3
  m_MinimumChartSize: 4
  m_AutoUVMaxDistance: 0.5
  m_AutoUVMaxAngle: 89
  m_LightmapParameters: {fileID: 0}
  m_SortingLayerID: 0
  m_SortingLayer: 0
  m_SortingOrder: 0
--- !u!33 &9058810055870969459
MeshFilter:
  m_ObjectHideFlags: 0
  m_CorrespondingSourceObject: {fileID: 0}
  m_PrefabInstance: {fileID: 0}
  m_PrefabAsset: {fileID: 0}
  m_GameObject: {fileID: 6265024881788494097}
  m_Mesh: {fileID: 10202, guid: 0000000000000000e000000000000000, type: 0}
--- !u!1 &7105629870304830093
GameObject:
  m_ObjectHideFlags: 0
  m_CorrespondingSourceObject: {fileID: 0}
  m_PrefabInstance: {fileID: 0}
  m_PrefabAsset: {fileID: 0}
  serializedVersion: 6
  m_Component:
  - component: {fileID: 8357755226384701161}
  - component: {fileID: 6695216984867674501}
  - component: {fileID: 7775812533835369351}
  - component: {fileID: 2498423543607784472}
  m_Layer: 9
  m_Name: Base_AreaGame_Quad
  m_TagString: Walkable
  m_Icon: {fileID: 0}
  m_NavMeshLayer: 0
  m_StaticEditorFlags: 0
  m_IsActive: 1
--- !u!4 &8357755226384701161
Transform:
  m_ObjectHideFlags: 0
  m_CorrespondingSourceObject: {fileID: 0}
  m_PrefabInstance: {fileID: 0}
  m_PrefabAsset: {fileID: 0}
  m_GameObject: {fileID: 7105629870304830093}
  m_LocalRotation: {x: 0.7069834, y: 0, z: 0, w: 0.7072302}
  m_LocalPosition: {x: 0, y: 0, z: 0}
  m_LocalScale: {x: 15, y: 15, z: 1}
  m_Children: []
  m_Father: {fileID: 9007231929813879439}
  m_RootOrder: 4
  m_LocalEulerAnglesHint: {x: 89.98, y: 0, z: 0}
--- !u!33 &6695216984867674501
MeshFilter:
  m_ObjectHideFlags: 0
  m_CorrespondingSourceObject: {fileID: 0}
  m_PrefabInstance: {fileID: 0}
  m_PrefabAsset: {fileID: 0}
  m_GameObject: {fileID: 7105629870304830093}
  m_Mesh: {fileID: 10210, guid: 0000000000000000e000000000000000, type: 0}
--- !u!23 &7775812533835369351
MeshRenderer:
  m_ObjectHideFlags: 0
  m_CorrespondingSourceObject: {fileID: 0}
  m_PrefabInstance: {fileID: 0}
  m_PrefabAsset: {fileID: 0}
  m_GameObject: {fileID: 7105629870304830093}
  m_Enabled: 1
  m_CastShadows: 1
  m_ReceiveShadows: 1
  m_DynamicOccludee: 1
  m_MotionVectors: 1
  m_LightProbeUsage: 1
  m_ReflectionProbeUsage: 1
  m_RenderingLayerMask: 1
  m_RendererPriority: 0
  m_Materials:
  - {fileID: 2100000, guid: efb0304b1e47afd4793f40b19133ce87, type: 2}
  m_StaticBatchInfo:
    firstSubMesh: 0
    subMeshCount: 0
  m_StaticBatchRoot: {fileID: 0}
  m_ProbeAnchor: {fileID: 0}
  m_LightProbeVolumeOverride: {fileID: 0}
  m_ScaleInLightmap: 1
  m_ReceiveGI: 1
  m_PreserveUVs: 0
  m_IgnoreNormalsForChartDetection: 0
  m_ImportantGI: 0
  m_StitchLightmapSeams: 1
  m_SelectedEditorRenderState: 3
  m_MinimumChartSize: 4
  m_AutoUVMaxDistance: 0.5
  m_AutoUVMaxAngle: 89
  m_LightmapParameters: {fileID: 0}
  m_SortingLayerID: 0
  m_SortingLayer: 0
  m_SortingOrder: 0
--- !u!64 &2498423543607784472
MeshCollider:
  m_ObjectHideFlags: 0
  m_CorrespondingSourceObject: {fileID: 0}
  m_PrefabInstance: {fileID: 0}
  m_PrefabAsset: {fileID: 0}
  m_GameObject: {fileID: 7105629870304830093}
  m_Material: {fileID: 0}
  m_IsTrigger: 0
  m_Enabled: 1
  serializedVersion: 3
  m_Convex: 0
  m_CookingOptions: 14
  m_Mesh: {fileID: 10210, guid: 0000000000000000e000000000000000, type: 0}
--- !u!33 &584685388107753353
MeshFilter:
  m_ObjectHideFlags: 0
  m_CorrespondingSourceObject: {fileID: 0}
  m_PrefabInstance: {fileID: 0}
  m_PrefabAsset: {fileID: 0}
  m_GameObject: {fileID: 7979651129818462021}
  m_Mesh: {fileID: 10202, guid: 0000000000000000e000000000000000, type: 0}
--- !u!23 &3642552001518777536
MeshRenderer:
  m_ObjectHideFlags: 0
  m_CorrespondingSourceObject: {fileID: 0}
  m_PrefabInstance: {fileID: 0}
  m_PrefabAsset: {fileID: 0}
  m_GameObject: {fileID: 7979651129818462021}
  m_Enabled: 1
  m_CastShadows: 1
  m_ReceiveShadows: 1
  m_DynamicOccludee: 1
  m_MotionVectors: 1
  m_LightProbeUsage: 1
  m_ReflectionProbeUsage: 1
  m_RenderingLayerMask: 1
  m_RendererPriority: 0
  m_Materials:
  - {fileID: 2100000, guid: 7e0eaa99b1ce76e4ea56e2ae12613ac2, type: 2}
  m_StaticBatchInfo:
    firstSubMesh: 0
    subMeshCount: 0
  m_StaticBatchRoot: {fileID: 0}
  m_ProbeAnchor: {fileID: 0}
  m_LightProbeVolumeOverride: {fileID: 0}
  m_ScaleInLightmap: 1
  m_ReceiveGI: 1
  m_PreserveUVs: 0
  m_IgnoreNormalsForChartDetection: 0
  m_ImportantGI: 0
  m_StitchLightmapSeams: 1
  m_SelectedEditorRenderState: 3
  m_MinimumChartSize: 4
  m_AutoUVMaxDistance: 0.5
  m_AutoUVMaxAngle: 89
  m_LightmapParameters: {fileID: 0}
  m_SortingLayerID: 0
  m_SortingLayer: 0
  m_SortingOrder: 0
--- !u!1001 &1179916915370785211
PrefabInstance:
  m_ObjectHideFlags: 0
  serializedVersion: 2
  m_Modification:
    m_TransformParent: {fileID: 9007231929813879439}
    m_Modifications:
    - target: {fileID: 9068785829433849882, guid: 875d7f9f26b2f1441a6ab5ece0fea27b,
        type: 3}
      propertyPath: m_Name
      value: AVG_VolumePrefab (5)
      objectReference: {fileID: 0}
    - target: {fileID: 6713260879781605300, guid: 875d7f9f26b2f1441a6ab5ece0fea27b,
        type: 3}
      propertyPath: m_LocalPosition.x
      value: 0
      objectReference: {fileID: 0}
    - target: {fileID: 6713260879781605300, guid: 875d7f9f26b2f1441a6ab5ece0fea27b,
        type: 3}
      propertyPath: m_LocalPosition.y
      value: 0.5
      objectReference: {fileID: 0}
    - target: {fileID: 6713260879781605300, guid: 875d7f9f26b2f1441a6ab5ece0fea27b,
        type: 3}
      propertyPath: m_LocalPosition.z
      value: 2
      objectReference: {fileID: 0}
    - target: {fileID: 6713260879781605300, guid: 875d7f9f26b2f1441a6ab5ece0fea27b,
        type: 3}
      propertyPath: m_LocalRotation.x
      value: 0
      objectReference: {fileID: 0}
    - target: {fileID: 6713260879781605300, guid: 875d7f9f26b2f1441a6ab5ece0fea27b,
        type: 3}
      propertyPath: m_LocalRotation.y
      value: 0
      objectReference: {fileID: 0}
    - target: {fileID: 6713260879781605300, guid: 875d7f9f26b2f1441a6ab5ece0fea27b,
        type: 3}
      propertyPath: m_LocalRotation.z
      value: 0
      objectReference: {fileID: 0}
    - target: {fileID: 6713260879781605300, guid: 875d7f9f26b2f1441a6ab5ece0fea27b,
        type: 3}
      propertyPath: m_LocalRotation.w
      value: 1
      objectReference: {fileID: 0}
    - target: {fileID: 6713260879781605300, guid: 875d7f9f26b2f1441a6ab5ece0fea27b,
        type: 3}
      propertyPath: m_RootOrder
      value: 6
      objectReference: {fileID: 0}
    - target: {fileID: 6713260879781605300, guid: 875d7f9f26b2f1441a6ab5ece0fea27b,
        type: 3}
      propertyPath: m_LocalEulerAnglesHint.x
      value: 0
      objectReference: {fileID: 0}
    - target: {fileID: 6713260879781605300, guid: 875d7f9f26b2f1441a6ab5ece0fea27b,
        type: 3}
      propertyPath: m_LocalEulerAnglesHint.y
      value: 0
      objectReference: {fileID: 0}
    - target: {fileID: 6713260879781605300, guid: 875d7f9f26b2f1441a6ab5ece0fea27b,
        type: 3}
      propertyPath: m_LocalEulerAnglesHint.z
      value: 0
      objectReference: {fileID: 0}
    - target: {fileID: 5841892350831694525, guid: 875d7f9f26b2f1441a6ab5ece0fea27b,
        type: 3}
      propertyPath: m_LocalScale.x
      value: 1
      objectReference: {fileID: 0}
    - target: {fileID: 5841892350831694525, guid: 875d7f9f26b2f1441a6ab5ece0fea27b,
        type: 3}
      propertyPath: m_LocalScale.y
      value: 1.5
      objectReference: {fileID: 0}
    - target: {fileID: 5841892350831694525, guid: 875d7f9f26b2f1441a6ab5ece0fea27b,
        type: 3}
      propertyPath: m_LocalPosition.y
      value: 0.75
      objectReference: {fileID: 0}
    - target: {fileID: 7471868457669770284, guid: 875d7f9f26b2f1441a6ab5ece0fea27b,
        type: 3}
      propertyPath: m_LocalPosition.x
      value: -0.5
      objectReference: {fileID: 0}
    - target: {fileID: 6589552497805432723, guid: 875d7f9f26b2f1441a6ab5ece0fea27b,
        type: 3}
      propertyPath: gizmoColor.r
      value: 0
      objectReference: {fileID: 0}
    - target: {fileID: 6589552497805432723, guid: 875d7f9f26b2f1441a6ab5ece0fea27b,
        type: 3}
      propertyPath: gizmoColor.g
      value: 0
      objectReference: {fileID: 0}
    - target: {fileID: 6589552497805432723, guid: 875d7f9f26b2f1441a6ab5ece0fea27b,
        type: 3}
      propertyPath: gizmoColor.b
      value: 0
      objectReference: {fileID: 0}
    m_RemovedComponents:
    - {fileID: 6589552497805432723, guid: 875d7f9f26b2f1441a6ab5ece0fea27b, type: 3}
  m_SourcePrefab: {fileID: 100100000, guid: 875d7f9f26b2f1441a6ab5ece0fea27b, type: 3}
--- !u!4 &5581546660205352463 stripped
Transform:
  m_CorrespondingSourceObject: {fileID: 6713260879781605300, guid: 875d7f9f26b2f1441a6ab5ece0fea27b,
    type: 3}
  m_PrefabInstance: {fileID: 1179916915370785211}
  m_PrefabAsset: {fileID: 0}
--- !u!1 &2027578926494662818 stripped
GameObject:
  m_CorrespondingSourceObject: {fileID: 899735194145011993, guid: 875d7f9f26b2f1441a6ab5ece0fea27b,
    type: 3}
  m_PrefabInstance: {fileID: 1179916915370785211}
  m_PrefabAsset: {fileID: 0}
--- !u!1001 &3975351902777518744
PrefabInstance:
  m_ObjectHideFlags: 0
  serializedVersion: 2
  m_Modification:
    m_TransformParent: {fileID: 9007231929813879439}
    m_Modifications:
    - target: {fileID: 9068785829433849882, guid: 875d7f9f26b2f1441a6ab5ece0fea27b,
        type: 3}
      propertyPath: m_Name
      value: AVG_VolumePrefab (3)
      objectReference: {fileID: 0}
    - target: {fileID: 6713260879781605300, guid: 875d7f9f26b2f1441a6ab5ece0fea27b,
        type: 3}
      propertyPath: m_LocalPosition.x
      value: -2
      objectReference: {fileID: 0}
    - target: {fileID: 6713260879781605300, guid: 875d7f9f26b2f1441a6ab5ece0fea27b,
        type: 3}
      propertyPath: m_LocalPosition.y
      value: 0
      objectReference: {fileID: 0}
    - target: {fileID: 6713260879781605300, guid: 875d7f9f26b2f1441a6ab5ece0fea27b,
        type: 3}
      propertyPath: m_LocalPosition.z
      value: 2
      objectReference: {fileID: 0}
    - target: {fileID: 6713260879781605300, guid: 875d7f9f26b2f1441a6ab5ece0fea27b,
        type: 3}
      propertyPath: m_LocalRotation.x
      value: 0
      objectReference: {fileID: 0}
    - target: {fileID: 6713260879781605300, guid: 875d7f9f26b2f1441a6ab5ece0fea27b,
        type: 3}
      propertyPath: m_LocalRotation.y
      value: 0
      objectReference: {fileID: 0}
    - target: {fileID: 6713260879781605300, guid: 875d7f9f26b2f1441a6ab5ece0fea27b,
        type: 3}
      propertyPath: m_LocalRotation.z
      value: 0
      objectReference: {fileID: 0}
    - target: {fileID: 6713260879781605300, guid: 875d7f9f26b2f1441a6ab5ece0fea27b,
        type: 3}
      propertyPath: m_LocalRotation.w
      value: 1
      objectReference: {fileID: 0}
    - target: {fileID: 6713260879781605300, guid: 875d7f9f26b2f1441a6ab5ece0fea27b,
        type: 3}
      propertyPath: m_RootOrder
      value: 2
      objectReference: {fileID: 0}
    - target: {fileID: 6713260879781605300, guid: 875d7f9f26b2f1441a6ab5ece0fea27b,
        type: 3}
      propertyPath: m_LocalEulerAnglesHint.x
      value: 0
      objectReference: {fileID: 0}
    - target: {fileID: 6713260879781605300, guid: 875d7f9f26b2f1441a6ab5ece0fea27b,
        type: 3}
      propertyPath: m_LocalEulerAnglesHint.y
      value: 0
      objectReference: {fileID: 0}
    - target: {fileID: 6713260879781605300, guid: 875d7f9f26b2f1441a6ab5ece0fea27b,
        type: 3}
      propertyPath: m_LocalEulerAnglesHint.z
      value: 0
      objectReference: {fileID: 0}
    - target: {fileID: 5841892350831694525, guid: 875d7f9f26b2f1441a6ab5ece0fea27b,
        type: 3}
      propertyPath: m_LocalScale.x
      value: 1
      objectReference: {fileID: 0}
    - target: {fileID: 7471868457669770284, guid: 875d7f9f26b2f1441a6ab5ece0fea27b,
        type: 3}
      propertyPath: m_LocalPosition.x
      value: -0.5
      objectReference: {fileID: 0}
    m_RemovedComponents:
    - {fileID: 6589552497805432723, guid: 875d7f9f26b2f1441a6ab5ece0fea27b, type: 3}
  m_SourcePrefab: {fileID: 100100000, guid: 875d7f9f26b2f1441a6ab5ece0fea27b, type: 3}
--- !u!4 &7638388976521479468 stripped
Transform:
  m_CorrespondingSourceObject: {fileID: 6713260879781605300, guid: 875d7f9f26b2f1441a6ab5ece0fea27b,
    type: 3}
  m_PrefabInstance: {fileID: 3975351902777518744}
  m_PrefabAsset: {fileID: 0}
--- !u!1 &4276107485134459777 stripped
GameObject:
  m_CorrespondingSourceObject: {fileID: 899735194145011993, guid: 875d7f9f26b2f1441a6ab5ece0fea27b,
    type: 3}
  m_PrefabInstance: {fileID: 3975351902777518744}
  m_PrefabAsset: {fileID: 0}
--- !u!1001 &5054393491120798685
PrefabInstance:
  m_ObjectHideFlags: 0
  serializedVersion: 2
  m_Modification:
    m_TransformParent: {fileID: 9007231929813879439}
    m_Modifications:
    - target: {fileID: 9068785829433849882, guid: 875d7f9f26b2f1441a6ab5ece0fea27b,
        type: 3}
      propertyPath: m_Name
      value: AVG_VolumePrefab (2)
      objectReference: {fileID: 0}
    - target: {fileID: 6713260879781605300, guid: 875d7f9f26b2f1441a6ab5ece0fea27b,
        type: 3}
      propertyPath: m_LocalPosition.x
      value: -2
      objectReference: {fileID: 0}
    - target: {fileID: 6713260879781605300, guid: 875d7f9f26b2f1441a6ab5ece0fea27b,
        type: 3}
      propertyPath: m_LocalPosition.y
      value: 2
      objectReference: {fileID: 0}
    - target: {fileID: 6713260879781605300, guid: 875d7f9f26b2f1441a6ab5ece0fea27b,
        type: 3}
      propertyPath: m_LocalPosition.z
      value: 2
      objectReference: {fileID: 0}
    - target: {fileID: 6713260879781605300, guid: 875d7f9f26b2f1441a6ab5ece0fea27b,
        type: 3}
      propertyPath: m_LocalRotation.x
      value: 0
      objectReference: {fileID: 0}
    - target: {fileID: 6713260879781605300, guid: 875d7f9f26b2f1441a6ab5ece0fea27b,
        type: 3}
      propertyPath: m_LocalRotation.y
      value: 0
      objectReference: {fileID: 0}
    - target: {fileID: 6713260879781605300, guid: 875d7f9f26b2f1441a6ab5ece0fea27b,
        type: 3}
      propertyPath: m_LocalRotation.z
      value: 0
      objectReference: {fileID: 0}
    - target: {fileID: 6713260879781605300, guid: 875d7f9f26b2f1441a6ab5ece0fea27b,
        type: 3}
      propertyPath: m_LocalRotation.w
      value: 1
      objectReference: {fileID: 0}
    - target: {fileID: 6713260879781605300, guid: 875d7f9f26b2f1441a6ab5ece0fea27b,
        type: 3}
      propertyPath: m_RootOrder
      value: 3
      objectReference: {fileID: 0}
    - target: {fileID: 6713260879781605300, guid: 875d7f9f26b2f1441a6ab5ece0fea27b,
        type: 3}
      propertyPath: m_LocalEulerAnglesHint.x
      value: 0
      objectReference: {fileID: 0}
    - target: {fileID: 6713260879781605300, guid: 875d7f9f26b2f1441a6ab5ece0fea27b,
        type: 3}
      propertyPath: m_LocalEulerAnglesHint.y
      value: 0
      objectReference: {fileID: 0}
    - target: {fileID: 6713260879781605300, guid: 875d7f9f26b2f1441a6ab5ece0fea27b,
        type: 3}
      propertyPath: m_LocalEulerAnglesHint.z
      value: 0
      objectReference: {fileID: 0}
    - target: {fileID: 5841892350831694525, guid: 875d7f9f26b2f1441a6ab5ece0fea27b,
        type: 3}
      propertyPath: m_LocalPosition.y
      value: 0.25
      objectReference: {fileID: 0}
    - target: {fileID: 5841892350831694525, guid: 875d7f9f26b2f1441a6ab5ece0fea27b,
        type: 3}
      propertyPath: m_LocalScale.y
      value: 0.5
      objectReference: {fileID: 0}
    m_RemovedComponents:
    - {fileID: 6589552497805432723, guid: 875d7f9f26b2f1441a6ab5ece0fea27b, type: 3}
  m_SourcePrefab: {fileID: 100100000, guid: 875d7f9f26b2f1441a6ab5ece0fea27b, type: 3}
--- !u!1 &5357120256968164036 stripped
GameObject:
  m_CorrespondingSourceObject: {fileID: 899735194145011993, guid: 875d7f9f26b2f1441a6ab5ece0fea27b,
    type: 3}
  m_PrefabInstance: {fileID: 5054393491120798685}
  m_PrefabAsset: {fileID: 0}
--- !u!4 &1949666295379498089 stripped
Transform:
  m_CorrespondingSourceObject: {fileID: 6713260879781605300, guid: 875d7f9f26b2f1441a6ab5ece0fea27b,
    type: 3}
  m_PrefabInstance: {fileID: 5054393491120798685}
  m_PrefabAsset: {fileID: 0}
--- !u!1001 &6524966593973360648
PrefabInstance:
  m_ObjectHideFlags: 0
  serializedVersion: 2
  m_Modification:
    m_TransformParent: {fileID: 9007231929813879439}
    m_Modifications:
    - target: {fileID: 9068785829433849882, guid: 875d7f9f26b2f1441a6ab5ece0fea27b,
        type: 3}
      propertyPath: m_Name
      value: AVG_VolumePrefab (1)
      objectReference: {fileID: 0}
    - target: {fileID: 6713260879781605300, guid: 875d7f9f26b2f1441a6ab5ece0fea27b,
        type: 3}
      propertyPath: m_LocalPosition.x
      value: 2
      objectReference: {fileID: 0}
    - target: {fileID: 6713260879781605300, guid: 875d7f9f26b2f1441a6ab5ece0fea27b,
        type: 3}
      propertyPath: m_LocalPosition.y
      value: 2
      objectReference: {fileID: 0}
    - target: {fileID: 6713260879781605300, guid: 875d7f9f26b2f1441a6ab5ece0fea27b,
        type: 3}
      propertyPath: m_LocalPosition.z
      value: 2
      objectReference: {fileID: 0}
    - target: {fileID: 6713260879781605300, guid: 875d7f9f26b2f1441a6ab5ece0fea27b,
        type: 3}
      propertyPath: m_LocalRotation.x
      value: 0
      objectReference: {fileID: 0}
    - target: {fileID: 6713260879781605300, guid: 875d7f9f26b2f1441a6ab5ece0fea27b,
        type: 3}
      propertyPath: m_LocalRotation.y
      value: 0
      objectReference: {fileID: 0}
    - target: {fileID: 6713260879781605300, guid: 875d7f9f26b2f1441a6ab5ece0fea27b,
        type: 3}
      propertyPath: m_LocalRotation.z
      value: 0
      objectReference: {fileID: 0}
    - target: {fileID: 6713260879781605300, guid: 875d7f9f26b2f1441a6ab5ece0fea27b,
        type: 3}
      propertyPath: m_LocalRotation.w
      value: 1
      objectReference: {fileID: 0}
    - target: {fileID: 6713260879781605300, guid: 875d7f9f26b2f1441a6ab5ece0fea27b,
        type: 3}
      propertyPath: m_RootOrder
      value: 1
      objectReference: {fileID: 0}
    - target: {fileID: 6713260879781605300, guid: 875d7f9f26b2f1441a6ab5ece0fea27b,
        type: 3}
      propertyPath: m_LocalEulerAnglesHint.x
      value: 0
      objectReference: {fileID: 0}
    - target: {fileID: 6713260879781605300, guid: 875d7f9f26b2f1441a6ab5ece0fea27b,
        type: 3}
      propertyPath: m_LocalEulerAnglesHint.y
      value: 0
      objectReference: {fileID: 0}
    - target: {fileID: 6713260879781605300, guid: 875d7f9f26b2f1441a6ab5ece0fea27b,
        type: 3}
      propertyPath: m_LocalEulerAnglesHint.z
      value: 0
      objectReference: {fileID: 0}
    - target: {fileID: 5841892350831694525, guid: 875d7f9f26b2f1441a6ab5ece0fea27b,
        type: 3}
      propertyPath: m_LocalPosition.y
      value: 0.25
      objectReference: {fileID: 0}
    - target: {fileID: 5841892350831694525, guid: 875d7f9f26b2f1441a6ab5ece0fea27b,
        type: 3}
      propertyPath: m_LocalScale.y
      value: 0.5
      objectReference: {fileID: 0}
    - target: {fileID: 7471868457669770284, guid: 875d7f9f26b2f1441a6ab5ece0fea27b,
        type: 3}
      propertyPath: m_LocalPosition.y
      value: 0
      objectReference: {fileID: 0}
    m_RemovedComponents:
    - {fileID: 6589552497805432723, guid: 875d7f9f26b2f1441a6ab5ece0fea27b, type: 3}
  m_SourcePrefab: {fileID: 100100000, guid: 875d7f9f26b2f1441a6ab5ece0fea27b, type: 3}
--- !u!4 &551442156611057596 stripped
Transform:
  m_CorrespondingSourceObject: {fileID: 6713260879781605300, guid: 875d7f9f26b2f1441a6ab5ece0fea27b,
    type: 3}
  m_PrefabInstance: {fileID: 6524966593973360648}
  m_PrefabAsset: {fileID: 0}
--- !u!1 &6265024881788494097 stripped
GameObject:
  m_CorrespondingSourceObject: {fileID: 899735194145011993, guid: 875d7f9f26b2f1441a6ab5ece0fea27b,
    type: 3}
  m_PrefabInstance: {fileID: 6524966593973360648}
  m_PrefabAsset: {fileID: 0}
--- !u!1001 &6680222133175608025
PrefabInstance:
  m_ObjectHideFlags: 0
  serializedVersion: 2
  m_Modification:
    m_TransformParent: {fileID: 9007231929813879439}
    m_Modifications:
    - target: {fileID: 9068785829433849882, guid: 875d7f9f26b2f1441a6ab5ece0fea27b,
        type: 3}
      propertyPath: m_Name
      value: AVG_VolumePrefab
      objectReference: {fileID: 0}
    - target: {fileID: 6713260879781605300, guid: 875d7f9f26b2f1441a6ab5ece0fea27b,
        type: 3}
      propertyPath: m_LocalPosition.x
      value: 2
      objectReference: {fileID: 0}
    - target: {fileID: 6713260879781605300, guid: 875d7f9f26b2f1441a6ab5ece0fea27b,
        type: 3}
      propertyPath: m_LocalPosition.y
      value: 0
      objectReference: {fileID: 0}
    - target: {fileID: 6713260879781605300, guid: 875d7f9f26b2f1441a6ab5ece0fea27b,
        type: 3}
      propertyPath: m_LocalPosition.z
      value: 2
      objectReference: {fileID: 0}
    - target: {fileID: 6713260879781605300, guid: 875d7f9f26b2f1441a6ab5ece0fea27b,
        type: 3}
      propertyPath: m_LocalRotation.x
      value: 0
      objectReference: {fileID: 0}
    - target: {fileID: 6713260879781605300, guid: 875d7f9f26b2f1441a6ab5ece0fea27b,
        type: 3}
      propertyPath: m_LocalRotation.y
      value: 0
      objectReference: {fileID: 0}
    - target: {fileID: 6713260879781605300, guid: 875d7f9f26b2f1441a6ab5ece0fea27b,
        type: 3}
      propertyPath: m_LocalRotation.z
      value: 0
      objectReference: {fileID: 0}
    - target: {fileID: 6713260879781605300, guid: 875d7f9f26b2f1441a6ab5ece0fea27b,
        type: 3}
      propertyPath: m_LocalRotation.w
      value: 1
      objectReference: {fileID: 0}
    - target: {fileID: 6713260879781605300, guid: 875d7f9f26b2f1441a6ab5ece0fea27b,
        type: 3}
      propertyPath: m_RootOrder
      value: 0
      objectReference: {fileID: 0}
    - target: {fileID: 6713260879781605300, guid: 875d7f9f26b2f1441a6ab5ece0fea27b,
        type: 3}
      propertyPath: m_LocalEulerAnglesHint.x
      value: 0
      objectReference: {fileID: 0}
    - target: {fileID: 6713260879781605300, guid: 875d7f9f26b2f1441a6ab5ece0fea27b,
        type: 3}
      propertyPath: m_LocalEulerAnglesHint.y
      value: 0
      objectReference: {fileID: 0}
    - target: {fileID: 6713260879781605300, guid: 875d7f9f26b2f1441a6ab5ece0fea27b,
        type: 3}
      propertyPath: m_LocalEulerAnglesHint.z
      value: 0
      objectReference: {fileID: 0}
    - target: {fileID: 7471868457669770284, guid: 875d7f9f26b2f1441a6ab5ece0fea27b,
        type: 3}
      propertyPath: m_LocalPosition.x
      value: -0.5
      objectReference: {fileID: 0}
    m_RemovedComponents:
    - {fileID: 6589552497805432723, guid: 875d7f9f26b2f1441a6ab5ece0fea27b, type: 3}
  m_SourcePrefab: {fileID: 100100000, guid: 875d7f9f26b2f1441a6ab5ece0fea27b, type: 3}
--- !u!4 &116708282945162605 stripped
Transform:
  m_CorrespondingSourceObject: {fileID: 6713260879781605300, guid: 875d7f9f26b2f1441a6ab5ece0fea27b,
    type: 3}
  m_PrefabInstance: {fileID: 6680222133175608025}
  m_PrefabAsset: {fileID: 0}
--- !u!1 &5821019922822355904 stripped
GameObject:
  m_CorrespondingSourceObject: {fileID: 899735194145011993, guid: 875d7f9f26b2f1441a6ab5ece0fea27b,
    type: 3}
  m_PrefabInstance: {fileID: 6680222133175608025}
  m_PrefabAsset: {fileID: 0}
--- !u!1001 &7116226210307346012
PrefabInstance:
  m_ObjectHideFlags: 0
  serializedVersion: 2
  m_Modification:
    m_TransformParent: {fileID: 9007231929813879439}
    m_Modifications:
    - target: {fileID: 9068785829433849882, guid: 875d7f9f26b2f1441a6ab5ece0fea27b,
        type: 3}
      propertyPath: m_Name
      value: AVG_VolumePrefab (4)
      objectReference: {fileID: 0}
    - target: {fileID: 6713260879781605300, guid: 875d7f9f26b2f1441a6ab5ece0fea27b,
        type: 3}
      propertyPath: m_LocalPosition.x
      value: 0
      objectReference: {fileID: 0}
    - target: {fileID: 6713260879781605300, guid: 875d7f9f26b2f1441a6ab5ece0fea27b,
        type: 3}
      propertyPath: m_LocalPosition.y
      value: 0
      objectReference: {fileID: 0}
    - target: {fileID: 6713260879781605300, guid: 875d7f9f26b2f1441a6ab5ece0fea27b,
        type: 3}
      propertyPath: m_LocalPosition.z
      value: 2
      objectReference: {fileID: 0}
    - target: {fileID: 6713260879781605300, guid: 875d7f9f26b2f1441a6ab5ece0fea27b,
        type: 3}
      propertyPath: m_LocalRotation.x
      value: 0
      objectReference: {fileID: 0}
    - target: {fileID: 6713260879781605300, guid: 875d7f9f26b2f1441a6ab5ece0fea27b,
        type: 3}
      propertyPath: m_LocalRotation.y
      value: 0
      objectReference: {fileID: 0}
    - target: {fileID: 6713260879781605300, guid: 875d7f9f26b2f1441a6ab5ece0fea27b,
        type: 3}
      propertyPath: m_LocalRotation.z
      value: 0
      objectReference: {fileID: 0}
    - target: {fileID: 6713260879781605300, guid: 875d7f9f26b2f1441a6ab5ece0fea27b,
        type: 3}
      propertyPath: m_LocalRotation.w
      value: 1
      objectReference: {fileID: 0}
    - target: {fileID: 6713260879781605300, guid: 875d7f9f26b2f1441a6ab5ece0fea27b,
        type: 3}
      propertyPath: m_RootOrder
      value: 5
      objectReference: {fileID: 0}
    - target: {fileID: 6713260879781605300, guid: 875d7f9f26b2f1441a6ab5ece0fea27b,
        type: 3}
      propertyPath: m_LocalEulerAnglesHint.x
      value: 0
      objectReference: {fileID: 0}
    - target: {fileID: 6713260879781605300, guid: 875d7f9f26b2f1441a6ab5ece0fea27b,
        type: 3}
      propertyPath: m_LocalEulerAnglesHint.y
      value: 0
      objectReference: {fileID: 0}
    - target: {fileID: 6713260879781605300, guid: 875d7f9f26b2f1441a6ab5ece0fea27b,
        type: 3}
      propertyPath: m_LocalEulerAnglesHint.z
      value: 0
      objectReference: {fileID: 0}
    - target: {fileID: 5841892350831694525, guid: 875d7f9f26b2f1441a6ab5ece0fea27b,
        type: 3}
      propertyPath: m_LocalScale.x
      value: 3
      objectReference: {fileID: 0}
    - target: {fileID: 5841892350831694525, guid: 875d7f9f26b2f1441a6ab5ece0fea27b,
        type: 3}
      propertyPath: m_LocalScale.y
      value: 5
      objectReference: {fileID: 0}
    - target: {fileID: 7471868457669770284, guid: 875d7f9f26b2f1441a6ab5ece0fea27b,
        type: 3}
      propertyPath: m_LocalPosition.x
      value: -1.5
      objectReference: {fileID: 0}
    - target: {fileID: 6589552497805432723, guid: 875d7f9f26b2f1441a6ab5ece0fea27b,
        type: 3}
      propertyPath: gizmoColor.r
      value: 1
      objectReference: {fileID: 0}
    - target: {fileID: 6589552497805432723, guid: 875d7f9f26b2f1441a6ab5ece0fea27b,
        type: 3}
      propertyPath: gizmoColor.g
      value: 0
      objectReference: {fileID: 0}
    - target: {fileID: 6589552497805432723, guid: 875d7f9f26b2f1441a6ab5ece0fea27b,
        type: 3}
      propertyPath: gizmoColor.b
      value: 0.80716705
      objectReference: {fileID: 0}
    m_RemovedComponents:
    - {fileID: 6589552497805432723, guid: 875d7f9f26b2f1441a6ab5ece0fea27b, type: 3}
  m_SourcePrefab: {fileID: 100100000, guid: 875d7f9f26b2f1441a6ab5ece0fea27b, type: 3}
--- !u!4 &4605952319922184680 stripped
Transform:
  m_CorrespondingSourceObject: {fileID: 6713260879781605300, guid: 875d7f9f26b2f1441a6ab5ece0fea27b,
    type: 3}
  m_PrefabInstance: {fileID: 7116226210307346012}
  m_PrefabAsset: {fileID: 0}
--- !u!1 &7979651129818462021 stripped
GameObject:
  m_CorrespondingSourceObject: {fileID: 899735194145011993, guid: 875d7f9f26b2f1441a6ab5ece0fea27b,
    type: 3}
  m_PrefabInstance: {fileID: 7116226210307346012}
  m_PrefabAsset: {fileID: 0}
