%YAML 1.1
%TAG !u! tag:unity3d.com,2011:
--- !u!1 &1107827316674912902
GameObject:
  m_ObjectHideFlags: 0
  m_CorrespondingSourceObject: {fileID: 0}
  m_PrefabInstance: {fileID: 0}
  m_PrefabAsset: {fileID: 0}
  serializedVersion: 6
  m_Component:
  - component: {fileID: 9007231929813879439}
  - component: {fileID: 8121685046414626702}
  m_Layer: 0
  m_Name: AVG_GameSet_Easy 2
  m_TagString: Untagged
  m_Icon: {fileID: 0}
  m_NavMeshLayer: 0
  m_StaticEditorFlags: 0
  m_IsActive: 1
--- !u!4 &9007231929813879439
Transform:
  m_ObjectHideFlags: 0
  m_CorrespondingSourceObject: {fileID: 0}
  m_PrefabInstance: {fileID: 0}
  m_PrefabAsset: {fileID: 0}
  m_GameObject: {fileID: 1107827316674912902}
  m_LocalRotation: {x: 0, y: 0, z: 0, w: 1}
  m_LocalPosition: {x: 0, y: 0, z: 0}
  m_LocalScale: {x: 1, y: 1, z: 1}
  m_Children:
  - {fileID: 116708282945162605}
  - {fileID: 4726396136430311072}
  m_Father: {fileID: 0}
  m_RootOrder: 0
  m_LocalEulerAnglesHint: {x: 0, y: 0, z: 0}
--- !u!114 &8121685046414626702
MonoBehaviour:
  m_ObjectHideFlags: 0
  m_CorrespondingSourceObject: {fileID: 0}
  m_PrefabInstance: {fileID: 0}
  m_PrefabAsset: {fileID: 0}
  m_GameObject: {fileID: 1107827316674912902}
  m_Enabled: 1
  m_EditorHideFlags: 0
  m_Script: {fileID: 11500000, guid: 3c46e0e4407a1584e83b3142f6f62ae6, type: 3}
  m_Name: 
  m_EditorClassIdentifier: 
  colorMode: 0
  playerVoxel: {fileID: 0}
  startShapesVoxel: 0
  gridSize: {x: 10, y: 10}
  gridHeight: 10
  worldScale: 1.25
  showBounds: 0
  isVertical: 1
  worldLocalPos: {x: 0, y: 3.5, z: 0}
  worldYrotation: 0
  camIsOrthographic: 0
  X: 0
  X_: 0
  Y: 0
  Z: 0
  Z_: 0
  Move_XZ: 0
  Move_Y: 0
  showX: 1
  showY: 0
  showZ: 1
  targetShapes: {x: 1, y: 2, z: 3}
  targetVolumes:
  - targetVolume: 32
    startShapes: []
    isNegativeShape: 
  setManipulator: 1
  m_position: {x: 0, y: 0, z: 0}
  posX: 1
  negX: 1
  posZ: 1
  negZ: 1
  posY: 1
--- !u!23 &4773499471423663671
MeshRenderer:
  m_ObjectHideFlags: 0
  m_CorrespondingSourceObject: {fileID: 0}
  m_PrefabInstance: {fileID: 0}
  m_PrefabAsset: {fileID: 0}
  m_GameObject: {fileID: 5821019922822355904}
  m_Enabled: 1
  m_CastShadows: 1
  m_ReceiveShadows: 1
  m_DynamicOccludee: 1
  m_MotionVectors: 1
  m_LightProbeUsage: 1
  m_ReflectionProbeUsage: 1
  m_RenderingLayerMask: 1
  m_RendererPriority: 0
  m_Materials:
  - {fileID: 2100000, guid: 491868a861e4cb5439af14b3232e8ef3, type: 2}
  m_StaticBatchInfo:
    firstSubMesh: 0
    subMeshCount: 0
  m_StaticBatchRoot: {fileID: 0}
  m_ProbeAnchor: {fileID: 0}
  m_LightProbeVolumeOverride: {fileID: 0}
  m_ScaleInLightmap: 1
  m_ReceiveGI: 1
  m_PreserveUVs: 0
  m_IgnoreNormalsForChartDetection: 0
  m_ImportantGI: 0
  m_StitchLightmapSeams: 1
  m_SelectedEditorRenderState: 3
  m_MinimumChartSize: 4
  m_AutoUVMaxDistance: 0.5
  m_AutoUVMaxAngle: 89
  m_LightmapParameters: {fileID: 0}
  m_SortingLayerID: 0
  m_SortingLayer: 0
  m_SortingOrder: 0
--- !u!33 &7194370998901607508
MeshFilter:
  m_ObjectHideFlags: 0
  m_CorrespondingSourceObject: {fileID: 0}
  m_PrefabInstance: {fileID: 0}
  m_PrefabAsset: {fileID: 0}
  m_GameObject: {fileID: 5821019922822355904}
  m_Mesh: {fileID: 10202, guid: 0000000000000000e000000000000000, type: 0}
--- !u!1 &7113820669891809300
GameObject:
  m_ObjectHideFlags: 0
  m_CorrespondingSourceObject: {fileID: 0}
  m_PrefabInstance: {fileID: 0}
  m_PrefabAsset: {fileID: 0}
  serializedVersion: 6
  m_Component:
  - component: {fileID: 4726396136430311072}
  - component: {fileID: 3699068370102695515}
  - component: {fileID: 8858871727187431694}
  - component: {fileID: 6327986494395620095}
  m_Layer: 9
  m_Name: Base_AreaGame_Quad
  m_TagString: Walkable
  m_Icon: {fileID: 0}
  m_NavMeshLayer: 0
  m_StaticEditorFlags: 0
  m_IsActive: 1
--- !u!4 &4726396136430311072
Transform:
  m_ObjectHideFlags: 0
  m_CorrespondingSourceObject: {fileID: 0}
  m_PrefabInstance: {fileID: 0}
  m_PrefabAsset: {fileID: 0}
  m_GameObject: {fileID: 7113820669891809300}
  m_LocalRotation: {x: 0.7069834, y: -0, z: -0, w: 0.7072302}
  m_LocalPosition: {x: 0, y: 0, z: 0}
  m_LocalScale: {x: 15, y: 15, z: 1}
  m_Children: []
  m_Father: {fileID: 9007231929813879439}
  m_RootOrder: 1
  m_LocalEulerAnglesHint: {x: 89.98, y: 0, z: 0}
--- !u!33 &3699068370102695515
MeshFilter:
  m_ObjectHideFlags: 0
  m_CorrespondingSourceObject: {fileID: 0}
  m_PrefabInstance: {fileID: 0}
  m_PrefabAsset: {fileID: 0}
  m_GameObject: {fileID: 7113820669891809300}
  m_Mesh: {fileID: 10210, guid: 0000000000000000e000000000000000, type: 0}
--- !u!23 &8858871727187431694
MeshRenderer:
  m_ObjectHideFlags: 0
  m_CorrespondingSourceObject: {fileID: 0}
  m_PrefabInstance: {fileID: 0}
  m_PrefabAsset: {fileID: 0}
  m_GameObject: {fileID: 7113820669891809300}
  m_Enabled: 1
  m_CastShadows: 1
  m_ReceiveShadows: 1
  m_DynamicOccludee: 1
  m_MotionVectors: 1
  m_LightProbeUsage: 1
  m_ReflectionProbeUsage: 1
  m_RenderingLayerMask: 1
  m_RendererPriority: 0
  m_Materials:
  - {fileID: 2100000, guid: efb0304b1e47afd4793f40b19133ce87, type: 2}
  m_StaticBatchInfo:
    firstSubMesh: 0
    subMeshCount: 0
  m_StaticBatchRoot: {fileID: 0}
  m_ProbeAnchor: {fileID: 0}
  m_LightProbeVolumeOverride: {fileID: 0}
  m_ScaleInLightmap: 1
  m_ReceiveGI: 1
  m_PreserveUVs: 0
  m_IgnoreNormalsForChartDetection: 0
  m_ImportantGI: 0
  m_StitchLightmapSeams: 1
  m_SelectedEditorRenderState: 3
  m_MinimumChartSize: 4
  m_AutoUVMaxDistance: 0.5
  m_AutoUVMaxAngle: 89
  m_LightmapParameters: {fileID: 0}
  m_SortingLayerID: 0
  m_SortingLayer: 0
  m_SortingOrder: 0
--- !u!64 &6327986494395620095
MeshCollider:
  m_ObjectHideFlags: 0
  m_CorrespondingSourceObject: {fileID: 0}
  m_PrefabInstance: {fileID: 0}
  m_PrefabAsset: {fileID: 0}
  m_GameObject: {fileID: 7113820669891809300}
  m_Material: {fileID: 0}
  m_IsTrigger: 0
  m_Enabled: 1
  serializedVersion: 3
  m_Convex: 0
  m_CookingOptions: 14
  m_Mesh: {fileID: 10210, guid: 0000000000000000e000000000000000, type: 0}
--- !u!1001 &6680222133175608025
PrefabInstance:
  m_ObjectHideFlags: 0
  serializedVersion: 2
  m_Modification:
    m_TransformParent: {fileID: 9007231929813879439}
    m_Modifications:
    - target: {fileID: 9068785829433849882, guid: 875d7f9f26b2f1441a6ab5ece0fea27b,
        type: 3}
      propertyPath: m_Name
      value: AVG_VolumePrefab
      objectReference: {fileID: 0}
    - target: {fileID: 9068785829433849882, guid: 875d7f9f26b2f1441a6ab5ece0fea27b,
        type: 3}
      propertyPath: m_IsActive
      value: 0
      objectReference: {fileID: 0}
    - target: {fileID: 6713260879781605300, guid: 875d7f9f26b2f1441a6ab5ece0fea27b,
        type: 3}
      propertyPath: m_LocalPosition.x
      value: 0
      objectReference: {fileID: 0}
    - target: {fileID: 6713260879781605300, guid: 875d7f9f26b2f1441a6ab5ece0fea27b,
        type: 3}
      propertyPath: m_LocalPosition.y
      value: 0
      objectReference: {fileID: 0}
    - target: {fileID: 6713260879781605300, guid: 875d7f9f26b2f1441a6ab5ece0fea27b,
        type: 3}
      propertyPath: m_LocalPosition.z
      value: 0
      objectReference: {fileID: 0}
    - target: {fileID: 6713260879781605300, guid: 875d7f9f26b2f1441a6ab5ece0fea27b,
        type: 3}
      propertyPath: m_LocalRotation.x
      value: 0
      objectReference: {fileID: 0}
    - target: {fileID: 6713260879781605300, guid: 875d7f9f26b2f1441a6ab5ece0fea27b,
        type: 3}
      propertyPath: m_LocalRotation.y
      value: 0
      objectReference: {fileID: 0}
    - target: {fileID: 6713260879781605300, guid: 875d7f9f26b2f1441a6ab5ece0fea27b,
        type: 3}
      propertyPath: m_LocalRotation.z
      value: 0
      objectReference: {fileID: 0}
    - target: {fileID: 6713260879781605300, guid: 875d7f9f26b2f1441a6ab5ece0fea27b,
        type: 3}
      propertyPath: m_LocalRotation.w
      value: 1
      objectReference: {fileID: 0}
    - target: {fileID: 6713260879781605300, guid: 875d7f9f26b2f1441a6ab5ece0fea27b,
        type: 3}
      propertyPath: m_RootOrder
      value: 0
      objectReference: {fileID: 0}
    - target: {fileID: 6713260879781605300, guid: 875d7f9f26b2f1441a6ab5ece0fea27b,
        type: 3}
      propertyPath: m_LocalEulerAnglesHint.x
      value: 0
      objectReference: {fileID: 0}
    - target: {fileID: 6713260879781605300, guid: 875d7f9f26b2f1441a6ab5ece0fea27b,
        type: 3}
      propertyPath: m_LocalEulerAnglesHint.y
      value: 0
      objectReference: {fileID: 0}
    - target: {fileID: 6713260879781605300, guid: 875d7f9f26b2f1441a6ab5ece0fea27b,
        type: 3}
      propertyPath: m_LocalEulerAnglesHint.z
      value: 0
      objectReference: {fileID: 0}
    - target: {fileID: 5841892350831694525, guid: 875d7f9f26b2f1441a6ab5ece0fea27b,
        type: 3}
      propertyPath: m_LocalScale.x
      value: 1
      objectReference: {fileID: 0}
    - target: {fileID: 7471868457669770284, guid: 875d7f9f26b2f1441a6ab5ece0fea27b,
        type: 3}
      propertyPath: m_LocalPosition.x
      value: -1.5
      objectReference: {fileID: 0}
    m_RemovedComponents:
    - {fileID: 6589552497805432723, guid: 875d7f9f26b2f1441a6ab5ece0fea27b, type: 3}
  m_SourcePrefab: {fileID: 100100000, guid: 875d7f9f26b2f1441a6ab5ece0fea27b, type: 3}
--- !u!4 &116708282945162605 stripped
Transform:
  m_CorrespondingSourceObject: {fileID: 6713260879781605300, guid: 875d7f9f26b2f1441a6ab5ece0fea27b,
    type: 3}
  m_PrefabInstance: {fileID: 6680222133175608025}
  m_PrefabAsset: {fileID: 0}
--- !u!1 &5821019922822355904 stripped
GameObject:
  m_CorrespondingSourceObject: {fileID: 899735194145011993, guid: 875d7f9f26b2f1441a6ab5ece0fea27b,
    type: 3}
  m_PrefabInstance: {fileID: 6680222133175608025}
  m_PrefabAsset: {fileID: 0}
