%YAML 1.1
%TAG !u! tag:unity3d.com,2011:
--- !u!1 &1960951552020952634
GameObject:
  m_ObjectHideFlags: 0
  m_CorrespondingSourceObject: {fileID: 0}
  m_PrefabInstance: {fileID: 0}
  m_PrefabAsset: {fileID: 0}
  serializedVersion: 6
  m_Component:
  - component: {fileID: 7665411367783520602}
  - component: {fileID: 6554290958472102979}
  m_Layer: 0
  m_Name: BG_Task_Num_Hard 1
  m_TagString: Untagged
  m_Icon: {fileID: 0}
  m_NavMeshLayer: 0
  m_StaticEditorFlags: 0
  m_IsActive: 1
--- !u!4 &7665411367783520602
Transform:
  m_ObjectHideFlags: 0
  m_CorrespondingSourceObject: {fileID: 0}
  m_PrefabInstance: {fileID: 0}
  m_PrefabAsset: {fileID: 0}
  m_GameObject: {fileID: 1960951552020952634}
  m_LocalRotation: {x: 0, y: 0, z: 0, w: 1}
  m_LocalPosition: {x: 0, y: 0, z: 0}
  m_LocalScale: {x: 1, y: 1, z: 1}
  m_Children:
  - {fileID: 4665012823212106765}
  - {fileID: 5907712243158441595}
  - {fileID: 6965730976727371254}
  - {fileID: 3438506561735223610}
  - {fileID: 3832993770554821260}
  - {fileID: 7166134730739157048}
  m_Father: {fileID: 0}
  m_RootOrder: 0
  m_LocalEulerAnglesHint: {x: 0, y: 0, z: 0}
--- !u!114 &6554290958472102979
MonoBehaviour:
  m_ObjectHideFlags: 0
  m_CorrespondingSourceObject: {fileID: 0}
  m_PrefabInstance: {fileID: 0}
  m_PrefabAsset: {fileID: 0}
  m_GameObject: {fileID: 1960951552020952634}
  m_Enabled: 1
  m_EditorHideFlags: 0
  m_Script: {fileID: 11500000, guid: 915aa8fc2d8ee124094f0d7cd222803a, type: 3}
  m_Name: 
  m_EditorClassIdentifier: 
  lineIsClosed: 1
  taskObjects:
  - {fileID: 4307506512912996761}
  - {fileID: 3064218886455960559}
  - {fileID: 2004415475998158946}
  - {fileID: 6107485088515921070}
  - {fileID: 5641785120690796312}
  - {fileID: 1731946019117299116}
--- !u!1001 &434993195430084006
PrefabInstance:
  m_ObjectHideFlags: 0
  serializedVersion: 2
  m_Modification:
    m_TransformParent: {fileID: 7665411367783520602}
    m_Modifications:
    - target: {fileID: 6610097085957407663, guid: d489bbadfc0a41b4e8f407938d29d7ac,
        type: 3}
      propertyPath: m_Name
      value: GameObject (4)
      objectReference: {fileID: 0}
    - target: {fileID: 5206950260706478782, guid: d489bbadfc0a41b4e8f407938d29d7ac,
        type: 3}
      propertyPath: value
      value: 19
      objectReference: {fileID: 0}
    - target: {fileID: 3559537239301656195, guid: d489bbadfc0a41b4e8f407938d29d7ac,
        type: 3}
      propertyPath: properties.Array.data[1].noiseSpeed.x
      value: 1
      objectReference: {fileID: 0}
    - target: {fileID: 3559537239301656195, guid: d489bbadfc0a41b4e8f407938d29d7ac,
        type: 3}
      propertyPath: properties.Array.data[0].noiseSpeed.y
      value: 1
      objectReference: {fileID: 0}
    - target: {fileID: 3559537239301656195, guid: d489bbadfc0a41b4e8f407938d29d7ac,
        type: 3}
      propertyPath: properties.Array.data[0].noiseSpeed.x
      value: 2
      objectReference: {fileID: 0}
    - target: {fileID: 3559537239301656195, guid: d489bbadfc0a41b4e8f407938d29d7ac,
        type: 3}
      propertyPath: properties.Array.data[1].seed.y
      value: 5
      objectReference: {fileID: 0}
    - target: {fileID: 3690963258088814378, guid: d489bbadfc0a41b4e8f407938d29d7ac,
        type: 3}
      propertyPath: m_LocalPosition.x
      value: -1.859
      objectReference: {fileID: 0}
    - target: {fileID: 3690963258088814378, guid: d489bbadfc0a41b4e8f407938d29d7ac,
        type: 3}
      propertyPath: m_LocalPosition.y
      value: 2.35
      objectReference: {fileID: 0}
    - target: {fileID: 3690963258088814378, guid: d489bbadfc0a41b4e8f407938d29d7ac,
        type: 3}
      propertyPath: m_LocalPosition.z
      value: 0
      objectReference: {fileID: 0}
    - target: {fileID: 3690963258088814378, guid: d489bbadfc0a41b4e8f407938d29d7ac,
        type: 3}
      propertyPath: m_LocalRotation.x
      value: 0
      objectReference: {fileID: 0}
    - target: {fileID: 3690963258088814378, guid: d489bbadfc0a41b4e8f407938d29d7ac,
        type: 3}
      propertyPath: m_LocalRotation.y
      value: 0
      objectReference: {fileID: 0}
    - target: {fileID: 3690963258088814378, guid: d489bbadfc0a41b4e8f407938d29d7ac,
        type: 3}
      propertyPath: m_LocalRotation.z
      value: 0
      objectReference: {fileID: 0}
    - target: {fileID: 3690963258088814378, guid: d489bbadfc0a41b4e8f407938d29d7ac,
        type: 3}
      propertyPath: m_LocalRotation.w
      value: 1
      objectReference: {fileID: 0}
    - target: {fileID: 3690963258088814378, guid: d489bbadfc0a41b4e8f407938d29d7ac,
        type: 3}
      propertyPath: m_RootOrder
      value: 4
      objectReference: {fileID: 0}
    - target: {fileID: 3690963258088814378, guid: d489bbadfc0a41b4e8f407938d29d7ac,
        type: 3}
      propertyPath: m_LocalEulerAnglesHint.x
      value: 0
      objectReference: {fileID: 0}
    - target: {fileID: 3690963258088814378, guid: d489bbadfc0a41b4e8f407938d29d7ac,
        type: 3}
      propertyPath: m_LocalEulerAnglesHint.y
      value: 0
      objectReference: {fileID: 0}
    - target: {fileID: 3690963258088814378, guid: d489bbadfc0a41b4e8f407938d29d7ac,
        type: 3}
      propertyPath: m_LocalEulerAnglesHint.z
      value: 0
      objectReference: {fileID: 0}
    - target: {fileID: 64868587249190824, guid: d489bbadfc0a41b4e8f407938d29d7ac,
        type: 3}
      propertyPath: m_textInfo.characterCount
      value: 2
      objectReference: {fileID: 0}
    - target: {fileID: 64868587249190824, guid: d489bbadfc0a41b4e8f407938d29d7ac,
        type: 3}
      propertyPath: m_textInfo.wordCount
      value: 1
      objectReference: {fileID: 0}
    - target: {fileID: 64868587249190824, guid: d489bbadfc0a41b4e8f407938d29d7ac,
        type: 3}
      propertyPath: m_textInfo.lineCount
      value: 1
      objectReference: {fileID: 0}
    - target: {fileID: 64868587249190824, guid: d489bbadfc0a41b4e8f407938d29d7ac,
        type: 3}
      propertyPath: m_textInfo.pageCount
      value: 1
      objectReference: {fileID: 0}
    - target: {fileID: 64868587249190824, guid: d489bbadfc0a41b4e8f407938d29d7ac,
        type: 3}
      propertyPath: m_text
      value: 19
      objectReference: {fileID: 0}
    - target: {fileID: 5015135096348998162, guid: d489bbadfc0a41b4e8f407938d29d7ac,
        type: 3}
      propertyPath: m_Mesh
      value: 
      objectReference: {fileID: 0}
    - target: {fileID: 891880011862597187, guid: d489bbadfc0a41b4e8f407938d29d7ac,
        type: 3}
      propertyPath: m_Color.r
      value: 1
      objectReference: {fileID: 0}
    - target: {fileID: 891880011862597187, guid: d489bbadfc0a41b4e8f407938d29d7ac,
        type: 3}
      propertyPath: m_Color.g
      value: 1
      objectReference: {fileID: 0}
    - target: {fileID: 891880011862597187, guid: d489bbadfc0a41b4e8f407938d29d7ac,
        type: 3}
      propertyPath: m_Color.b
      value: 1
      objectReference: {fileID: 0}
    m_RemovedComponents: []
  m_SourcePrefab: {fileID: 100100000, guid: d489bbadfc0a41b4e8f407938d29d7ac, type: 3}
--- !u!4 &3832993770554821260 stripped
Transform:
  m_CorrespondingSourceObject: {fileID: 3690963258088814378, guid: d489bbadfc0a41b4e8f407938d29d7ac,
    type: 3}
  m_PrefabInstance: {fileID: 434993195430084006}
  m_PrefabAsset: {fileID: 0}
--- !u!114 &5641785120690796312 stripped
MonoBehaviour:
  m_CorrespondingSourceObject: {fileID: 5206950260706478782, guid: d489bbadfc0a41b4e8f407938d29d7ac,
    type: 3}
  m_PrefabInstance: {fileID: 434993195430084006}
  m_PrefabAsset: {fileID: 0}
  m_GameObject: {fileID: 0}
  m_Enabled: 1
  m_EditorHideFlags: 0
  m_Script: {fileID: 11500000, guid: d8d7818403a71614591446b79827b7e0, type: 3}
  m_Name: 
  m_EditorClassIdentifier: 
--- !u!1001 &2053897585947909648
PrefabInstance:
  m_ObjectHideFlags: 0
  serializedVersion: 2
  m_Modification:
    m_TransformParent: {fileID: 7665411367783520602}
    m_Modifications:
    - target: {fileID: 6610097085957407663, guid: d489bbadfc0a41b4e8f407938d29d7ac,
        type: 3}
      propertyPath: m_Name
      value: GameObject (3)
      objectReference: {fileID: 0}
    - target: {fileID: 5206950260706478782, guid: d489bbadfc0a41b4e8f407938d29d7ac,
        type: 3}
      propertyPath: value
      value: 8
      objectReference: {fileID: 0}
    - target: {fileID: 3559537239301656195, guid: d489bbadfc0a41b4e8f407938d29d7ac,
        type: 3}
      propertyPath: properties.Array.data[0].noiseSpeed.x
      value: 2
      objectReference: {fileID: 0}
    - target: {fileID: 3559537239301656195, guid: d489bbadfc0a41b4e8f407938d29d7ac,
        type: 3}
      propertyPath: properties.Array.data[1].noiseSpeed.x
      value: 1
      objectReference: {fileID: 0}
    - target: {fileID: 3559537239301656195, guid: d489bbadfc0a41b4e8f407938d29d7ac,
        type: 3}
      propertyPath: properties.Array.data[1].noiseSpeed.y
      value: 1
      objectReference: {fileID: 0}
    - target: {fileID: 3559537239301656195, guid: d489bbadfc0a41b4e8f407938d29d7ac,
        type: 3}
      propertyPath: properties.Array.data[1].seed.x
      value: 9
      objectReference: {fileID: 0}
    - target: {fileID: 3559537239301656195, guid: d489bbadfc0a41b4e8f407938d29d7ac,
        type: 3}
      propertyPath: properties.Array.data[1].seed.y
      value: 4
      objectReference: {fileID: 0}
    - target: {fileID: 3690963258088814378, guid: d489bbadfc0a41b4e8f407938d29d7ac,
        type: 3}
      propertyPath: m_LocalPosition.x
      value: 0.88
      objectReference: {fileID: 0}
    - target: {fileID: 3690963258088814378, guid: d489bbadfc0a41b4e8f407938d29d7ac,
        type: 3}
      propertyPath: m_LocalPosition.y
      value: 1.5
      objectReference: {fileID: 0}
    - target: {fileID: 3690963258088814378, guid: d489bbadfc0a41b4e8f407938d29d7ac,
        type: 3}
      propertyPath: m_LocalPosition.z
      value: 0
      objectReference: {fileID: 0}
    - target: {fileID: 3690963258088814378, guid: d489bbadfc0a41b4e8f407938d29d7ac,
        type: 3}
      propertyPath: m_LocalRotation.x
      value: 0
      objectReference: {fileID: 0}
    - target: {fileID: 3690963258088814378, guid: d489bbadfc0a41b4e8f407938d29d7ac,
        type: 3}
      propertyPath: m_LocalRotation.y
      value: 0
      objectReference: {fileID: 0}
    - target: {fileID: 3690963258088814378, guid: d489bbadfc0a41b4e8f407938d29d7ac,
        type: 3}
      propertyPath: m_LocalRotation.z
      value: 0
      objectReference: {fileID: 0}
    - target: {fileID: 3690963258088814378, guid: d489bbadfc0a41b4e8f407938d29d7ac,
        type: 3}
      propertyPath: m_LocalRotation.w
      value: 1
      objectReference: {fileID: 0}
    - target: {fileID: 3690963258088814378, guid: d489bbadfc0a41b4e8f407938d29d7ac,
        type: 3}
      propertyPath: m_RootOrder
      value: 3
      objectReference: {fileID: 0}
    - target: {fileID: 3690963258088814378, guid: d489bbadfc0a41b4e8f407938d29d7ac,
        type: 3}
      propertyPath: m_LocalEulerAnglesHint.x
      value: 0
      objectReference: {fileID: 0}
    - target: {fileID: 3690963258088814378, guid: d489bbadfc0a41b4e8f407938d29d7ac,
        type: 3}
      propertyPath: m_LocalEulerAnglesHint.y
      value: 0
      objectReference: {fileID: 0}
    - target: {fileID: 3690963258088814378, guid: d489bbadfc0a41b4e8f407938d29d7ac,
        type: 3}
      propertyPath: m_LocalEulerAnglesHint.z
      value: 0
      objectReference: {fileID: 0}
    - target: {fileID: 64868587249190824, guid: d489bbadfc0a41b4e8f407938d29d7ac,
        type: 3}
      propertyPath: m_textInfo.characterCount
      value: 1
      objectReference: {fileID: 0}
    - target: {fileID: 64868587249190824, guid: d489bbadfc0a41b4e8f407938d29d7ac,
        type: 3}
      propertyPath: m_textInfo.wordCount
      value: 1
      objectReference: {fileID: 0}
    - target: {fileID: 64868587249190824, guid: d489bbadfc0a41b4e8f407938d29d7ac,
        type: 3}
      propertyPath: m_textInfo.lineCount
      value: 1
      objectReference: {fileID: 0}
    - target: {fileID: 64868587249190824, guid: d489bbadfc0a41b4e8f407938d29d7ac,
        type: 3}
      propertyPath: m_textInfo.pageCount
      value: 1
      objectReference: {fileID: 0}
    - target: {fileID: 64868587249190824, guid: d489bbadfc0a41b4e8f407938d29d7ac,
        type: 3}
      propertyPath: m_text
      value: 8
      objectReference: {fileID: 0}
    - target: {fileID: 5015135096348998162, guid: d489bbadfc0a41b4e8f407938d29d7ac,
        type: 3}
      propertyPath: m_Mesh
      value: 
      objectReference: {fileID: 0}
    - target: {fileID: 891880011862597187, guid: d489bbadfc0a41b4e8f407938d29d7ac,
        type: 3}
      propertyPath: m_Color.r
      value: 1
      objectReference: {fileID: 0}
    - target: {fileID: 891880011862597187, guid: d489bbadfc0a41b4e8f407938d29d7ac,
        type: 3}
      propertyPath: m_Color.g
      value: 1
      objectReference: {fileID: 0}
    - target: {fileID: 891880011862597187, guid: d489bbadfc0a41b4e8f407938d29d7ac,
        type: 3}
      propertyPath: m_Color.b
      value: 1
      objectReference: {fileID: 0}
    m_RemovedComponents: []
  m_SourcePrefab: {fileID: 100100000, guid: d489bbadfc0a41b4e8f407938d29d7ac, type: 3}
--- !u!4 &3438506561735223610 stripped
Transform:
  m_CorrespondingSourceObject: {fileID: 3690963258088814378, guid: d489bbadfc0a41b4e8f407938d29d7ac,
    type: 3}
  m_PrefabInstance: {fileID: 2053897585947909648}
  m_PrefabAsset: {fileID: 0}
--- !u!114 &6107485088515921070 stripped
MonoBehaviour:
  m_CorrespondingSourceObject: {fileID: 5206950260706478782, guid: d489bbadfc0a41b4e8f407938d29d7ac,
    type: 3}
  m_PrefabInstance: {fileID: 2053897585947909648}
  m_PrefabAsset: {fileID: 0}
  m_GameObject: {fileID: 0}
  m_Enabled: 1
  m_EditorHideFlags: 0
  m_Script: {fileID: 11500000, guid: d8d7818403a71614591446b79827b7e0, type: 3}
  m_Name: 
  m_EditorClassIdentifier: 
--- !u!1001 &5785953539673751314
PrefabInstance:
  m_ObjectHideFlags: 0
  serializedVersion: 2
  m_Modification:
    m_TransformParent: {fileID: 7665411367783520602}
    m_Modifications:
    - target: {fileID: 6610097085957407663, guid: d489bbadfc0a41b4e8f407938d29d7ac,
        type: 3}
      propertyPath: m_Name
      value: GameObject (5)
      objectReference: {fileID: 0}
    - target: {fileID: 5206950260706478782, guid: d489bbadfc0a41b4e8f407938d29d7ac,
        type: 3}
      propertyPath: value
      value: -1
      objectReference: {fileID: 0}
    - target: {fileID: 3559537239301656195, guid: d489bbadfc0a41b4e8f407938d29d7ac,
        type: 3}
      propertyPath: properties.Array.data[1].noiseSpeed.x
      value: 1
      objectReference: {fileID: 0}
    - target: {fileID: 3559537239301656195, guid: d489bbadfc0a41b4e8f407938d29d7ac,
        type: 3}
      propertyPath: properties.Array.data[0].noiseSpeed.y
      value: 1
      objectReference: {fileID: 0}
    - target: {fileID: 3559537239301656195, guid: d489bbadfc0a41b4e8f407938d29d7ac,
        type: 3}
      propertyPath: properties.Array.data[0].noiseSpeed.x
      value: 2
      objectReference: {fileID: 0}
    - target: {fileID: 3559537239301656195, guid: d489bbadfc0a41b4e8f407938d29d7ac,
        type: 3}
      propertyPath: properties.Array.data[1].seed.y
      value: 5
      objectReference: {fileID: 0}
    - target: {fileID: 3690963258088814378, guid: d489bbadfc0a41b4e8f407938d29d7ac,
        type: 3}
      propertyPath: m_LocalPosition.x
      value: -1.049
      objectReference: {fileID: 0}
    - target: {fileID: 3690963258088814378, guid: d489bbadfc0a41b4e8f407938d29d7ac,
        type: 3}
      propertyPath: m_LocalPosition.y
      value: 3.9300003
      objectReference: {fileID: 0}
    - target: {fileID: 3690963258088814378, guid: d489bbadfc0a41b4e8f407938d29d7ac,
        type: 3}
      propertyPath: m_LocalPosition.z
      value: 0
      objectReference: {fileID: 0}
    - target: {fileID: 3690963258088814378, guid: d489bbadfc0a41b4e8f407938d29d7ac,
        type: 3}
      propertyPath: m_LocalRotation.x
      value: 0
      objectReference: {fileID: 0}
    - target: {fileID: 3690963258088814378, guid: d489bbadfc0a41b4e8f407938d29d7ac,
        type: 3}
      propertyPath: m_LocalRotation.y
      value: 0
      objectReference: {fileID: 0}
    - target: {fileID: 3690963258088814378, guid: d489bbadfc0a41b4e8f407938d29d7ac,
        type: 3}
      propertyPath: m_LocalRotation.z
      value: 0
      objectReference: {fileID: 0}
    - target: {fileID: 3690963258088814378, guid: d489bbadfc0a41b4e8f407938d29d7ac,
        type: 3}
      propertyPath: m_LocalRotation.w
      value: 1
      objectReference: {fileID: 0}
    - target: {fileID: 3690963258088814378, guid: d489bbadfc0a41b4e8f407938d29d7ac,
        type: 3}
      propertyPath: m_RootOrder
      value: 5
      objectReference: {fileID: 0}
    - target: {fileID: 3690963258088814378, guid: d489bbadfc0a41b4e8f407938d29d7ac,
        type: 3}
      propertyPath: m_LocalEulerAnglesHint.x
      value: 0
      objectReference: {fileID: 0}
    - target: {fileID: 3690963258088814378, guid: d489bbadfc0a41b4e8f407938d29d7ac,
        type: 3}
      propertyPath: m_LocalEulerAnglesHint.y
      value: 0
      objectReference: {fileID: 0}
    - target: {fileID: 3690963258088814378, guid: d489bbadfc0a41b4e8f407938d29d7ac,
        type: 3}
      propertyPath: m_LocalEulerAnglesHint.z
      value: 0
      objectReference: {fileID: 0}
    - target: {fileID: 64868587249190824, guid: d489bbadfc0a41b4e8f407938d29d7ac,
        type: 3}
      propertyPath: m_textInfo.characterCount
      value: 2
      objectReference: {fileID: 0}
    - target: {fileID: 64868587249190824, guid: d489bbadfc0a41b4e8f407938d29d7ac,
        type: 3}
      propertyPath: m_textInfo.wordCount
      value: 1
      objectReference: {fileID: 0}
    - target: {fileID: 64868587249190824, guid: d489bbadfc0a41b4e8f407938d29d7ac,
        type: 3}
      propertyPath: m_textInfo.lineCount
      value: 1
      objectReference: {fileID: 0}
    - target: {fileID: 64868587249190824, guid: d489bbadfc0a41b4e8f407938d29d7ac,
        type: 3}
      propertyPath: m_textInfo.pageCount
      value: 1
      objectReference: {fileID: 0}
    - target: {fileID: 64868587249190824, guid: d489bbadfc0a41b4e8f407938d29d7ac,
        type: 3}
      propertyPath: m_text
      value: -1
      objectReference: {fileID: 0}
    - target: {fileID: 5015135096348998162, guid: d489bbadfc0a41b4e8f407938d29d7ac,
        type: 3}
      propertyPath: m_Mesh
      value: 
      objectReference: {fileID: 0}
    - target: {fileID: 891880011862597187, guid: d489bbadfc0a41b4e8f407938d29d7ac,
        type: 3}
      propertyPath: m_Color.r
      value: 1
      objectReference: {fileID: 0}
    - target: {fileID: 891880011862597187, guid: d489bbadfc0a41b4e8f407938d29d7ac,
        type: 3}
      propertyPath: m_Color.g
      value: 1
      objectReference: {fileID: 0}
    - target: {fileID: 891880011862597187, guid: d489bbadfc0a41b4e8f407938d29d7ac,
        type: 3}
      propertyPath: m_Color.b
      value: 1
      objectReference: {fileID: 0}
    m_RemovedComponents: []
  m_SourcePrefab: {fileID: 100100000, guid: d489bbadfc0a41b4e8f407938d29d7ac, type: 3}
--- !u!4 &7166134730739157048 stripped
Transform:
  m_CorrespondingSourceObject: {fileID: 3690963258088814378, guid: d489bbadfc0a41b4e8f407938d29d7ac,
    type: 3}
  m_PrefabInstance: {fileID: 5785953539673751314}
  m_PrefabAsset: {fileID: 0}
--- !u!114 &1731946019117299116 stripped
MonoBehaviour:
  m_CorrespondingSourceObject: {fileID: 5206950260706478782, guid: d489bbadfc0a41b4e8f407938d29d7ac,
    type: 3}
  m_PrefabInstance: {fileID: 5785953539673751314}
  m_PrefabAsset: {fileID: 0}
  m_GameObject: {fileID: 0}
  m_Enabled: 1
  m_EditorHideFlags: 0
  m_Script: {fileID: 11500000, guid: d8d7818403a71614591446b79827b7e0, type: 3}
  m_Name: 
  m_EditorClassIdentifier: 
--- !u!1001 &6022386846299060956
PrefabInstance:
  m_ObjectHideFlags: 0
  serializedVersion: 2
  m_Modification:
    m_TransformParent: {fileID: 7665411367783520602}
    m_Modifications:
    - target: {fileID: 6610097085957407663, guid: d489bbadfc0a41b4e8f407938d29d7ac,
        type: 3}
      propertyPath: m_Name
      value: GameObject (2)
      objectReference: {fileID: 0}
    - target: {fileID: 5206950260706478782, guid: d489bbadfc0a41b4e8f407938d29d7ac,
        type: 3}
      propertyPath: value
      value: 14
      objectReference: {fileID: 0}
    - target: {fileID: 3559537239301656195, guid: d489bbadfc0a41b4e8f407938d29d7ac,
        type: 3}
      propertyPath: properties.Array.data[1].seed.x
      value: 8
      objectReference: {fileID: 0}
    - target: {fileID: 3559537239301656195, guid: d489bbadfc0a41b4e8f407938d29d7ac,
        type: 3}
      propertyPath: properties.Array.data[1].seed.y
      value: 5
      objectReference: {fileID: 0}
    - target: {fileID: 3690963258088814378, guid: d489bbadfc0a41b4e8f407938d29d7ac,
        type: 3}
      propertyPath: m_LocalPosition.x
      value: 0.45999998
      objectReference: {fileID: 0}
    - target: {fileID: 3690963258088814378, guid: d489bbadfc0a41b4e8f407938d29d7ac,
        type: 3}
      propertyPath: m_LocalPosition.y
      value: 4.05
      objectReference: {fileID: 0}
    - target: {fileID: 3690963258088814378, guid: d489bbadfc0a41b4e8f407938d29d7ac,
        type: 3}
      propertyPath: m_LocalPosition.z
      value: 0
      objectReference: {fileID: 0}
    - target: {fileID: 3690963258088814378, guid: d489bbadfc0a41b4e8f407938d29d7ac,
        type: 3}
      propertyPath: m_LocalRotation.x
      value: 0
      objectReference: {fileID: 0}
    - target: {fileID: 3690963258088814378, guid: d489bbadfc0a41b4e8f407938d29d7ac,
        type: 3}
      propertyPath: m_LocalRotation.y
      value: 0
      objectReference: {fileID: 0}
    - target: {fileID: 3690963258088814378, guid: d489bbadfc0a41b4e8f407938d29d7ac,
        type: 3}
      propertyPath: m_LocalRotation.z
      value: 0
      objectReference: {fileID: 0}
    - target: {fileID: 3690963258088814378, guid: d489bbadfc0a41b4e8f407938d29d7ac,
        type: 3}
      propertyPath: m_LocalRotation.w
      value: 1
      objectReference: {fileID: 0}
    - target: {fileID: 3690963258088814378, guid: d489bbadfc0a41b4e8f407938d29d7ac,
        type: 3}
      propertyPath: m_RootOrder
      value: 2
      objectReference: {fileID: 0}
    - target: {fileID: 3690963258088814378, guid: d489bbadfc0a41b4e8f407938d29d7ac,
        type: 3}
      propertyPath: m_LocalEulerAnglesHint.x
      value: 0
      objectReference: {fileID: 0}
    - target: {fileID: 3690963258088814378, guid: d489bbadfc0a41b4e8f407938d29d7ac,
        type: 3}
      propertyPath: m_LocalEulerAnglesHint.y
      value: 0
      objectReference: {fileID: 0}
    - target: {fileID: 3690963258088814378, guid: d489bbadfc0a41b4e8f407938d29d7ac,
        type: 3}
      propertyPath: m_LocalEulerAnglesHint.z
      value: 0
      objectReference: {fileID: 0}
    - target: {fileID: 64868587249190824, guid: d489bbadfc0a41b4e8f407938d29d7ac,
        type: 3}
      propertyPath: m_textInfo.characterCount
      value: 2
      objectReference: {fileID: 0}
    - target: {fileID: 64868587249190824, guid: d489bbadfc0a41b4e8f407938d29d7ac,
        type: 3}
      propertyPath: m_textInfo.wordCount
      value: 1
      objectReference: {fileID: 0}
    - target: {fileID: 64868587249190824, guid: d489bbadfc0a41b4e8f407938d29d7ac,
        type: 3}
      propertyPath: m_textInfo.lineCount
      value: 1
      objectReference: {fileID: 0}
    - target: {fileID: 64868587249190824, guid: d489bbadfc0a41b4e8f407938d29d7ac,
        type: 3}
      propertyPath: m_textInfo.pageCount
      value: 1
      objectReference: {fileID: 0}
    - target: {fileID: 64868587249190824, guid: d489bbadfc0a41b4e8f407938d29d7ac,
        type: 3}
      propertyPath: m_text
      value: 14
      objectReference: {fileID: 0}
    - target: {fileID: 5015135096348998162, guid: d489bbadfc0a41b4e8f407938d29d7ac,
        type: 3}
      propertyPath: m_Mesh
      value: 
      objectReference: {fileID: 0}
    - target: {fileID: 891880011862597187, guid: d489bbadfc0a41b4e8f407938d29d7ac,
        type: 3}
      propertyPath: m_Color.r
      value: 1
      objectReference: {fileID: 0}
    - target: {fileID: 891880011862597187, guid: d489bbadfc0a41b4e8f407938d29d7ac,
        type: 3}
      propertyPath: m_Color.g
      value: 1
      objectReference: {fileID: 0}
    - target: {fileID: 891880011862597187, guid: d489bbadfc0a41b4e8f407938d29d7ac,
        type: 3}
      propertyPath: m_Color.b
      value: 1
      objectReference: {fileID: 0}
    m_RemovedComponents: []
  m_SourcePrefab: {fileID: 100100000, guid: d489bbadfc0a41b4e8f407938d29d7ac, type: 3}
--- !u!4 &6965730976727371254 stripped
Transform:
  m_CorrespondingSourceObject: {fileID: 3690963258088814378, guid: d489bbadfc0a41b4e8f407938d29d7ac,
    type: 3}
  m_PrefabInstance: {fileID: 6022386846299060956}
  m_PrefabAsset: {fileID: 0}
--- !u!114 &2004415475998158946 stripped
MonoBehaviour:
  m_CorrespondingSourceObject: {fileID: 5206950260706478782, guid: d489bbadfc0a41b4e8f407938d29d7ac,
    type: 3}
  m_PrefabInstance: {fileID: 6022386846299060956}
  m_PrefabAsset: {fileID: 0}
  m_GameObject: {fileID: 0}
  m_Enabled: 1
  m_EditorHideFlags: 0
  m_Script: {fileID: 11500000, guid: d8d7818403a71614591446b79827b7e0, type: 3}
  m_Name: 
  m_EditorClassIdentifier: 
--- !u!1001 &7116962273734273361
PrefabInstance:
  m_ObjectHideFlags: 0
  serializedVersion: 2
  m_Modification:
    m_TransformParent: {fileID: 7665411367783520602}
    m_Modifications:
    - target: {fileID: 6610097085957407663, guid: d489bbadfc0a41b4e8f407938d29d7ac,
        type: 3}
      propertyPath: m_Name
      value: GameObject (1)
      objectReference: {fileID: 0}
    - target: {fileID: 5206950260706478782, guid: d489bbadfc0a41b4e8f407938d29d7ac,
        type: 3}
      propertyPath: value
      value: 34
      objectReference: {fileID: 0}
    - target: {fileID: 3559537239301656195, guid: d489bbadfc0a41b4e8f407938d29d7ac,
        type: 3}
      propertyPath: properties.Array.data[1].noiseSpeed.x
      value: 1
      objectReference: {fileID: 0}
    - target: {fileID: 3559537239301656195, guid: d489bbadfc0a41b4e8f407938d29d7ac,
        type: 3}
      propertyPath: properties.Array.data[1].noiseSpeed.y
      value: 1
      objectReference: {fileID: 0}
    - target: {fileID: 3559537239301656195, guid: d489bbadfc0a41b4e8f407938d29d7ac,
        type: 3}
      propertyPath: properties.Array.data[0].noiseSpeed.x
      value: 2
      objectReference: {fileID: 0}
    - target: {fileID: 3559537239301656195, guid: d489bbadfc0a41b4e8f407938d29d7ac,
        type: 3}
      propertyPath: properties.Array.data[0].noiseSpeed.y
      value: 2
      objectReference: {fileID: 0}
    - target: {fileID: 3559537239301656195, guid: d489bbadfc0a41b4e8f407938d29d7ac,
        type: 3}
      propertyPath: properties.Array.data[1].seed.x
      value: 4
      objectReference: {fileID: 0}
    - target: {fileID: 3559537239301656195, guid: d489bbadfc0a41b4e8f407938d29d7ac,
        type: 3}
      propertyPath: properties.Array.data[1].seed.y
      value: 9
      objectReference: {fileID: 0}
    - target: {fileID: 3690963258088814378, guid: d489bbadfc0a41b4e8f407938d29d7ac,
        type: 3}
      propertyPath: m_LocalPosition.x
      value: -0.56999993
      objectReference: {fileID: 0}
    - target: {fileID: 3690963258088814378, guid: d489bbadfc0a41b4e8f407938d29d7ac,
        type: 3}
      propertyPath: m_LocalPosition.y
      value: 1.487
      objectReference: {fileID: 0}
    - target: {fileID: 3690963258088814378, guid: d489bbadfc0a41b4e8f407938d29d7ac,
        type: 3}
      propertyPath: m_LocalPosition.z
      value: 0
      objectReference: {fileID: 0}
    - target: {fileID: 3690963258088814378, guid: d489bbadfc0a41b4e8f407938d29d7ac,
        type: 3}
      propertyPath: m_LocalRotation.x
      value: 0
      objectReference: {fileID: 0}
    - target: {fileID: 3690963258088814378, guid: d489bbadfc0a41b4e8f407938d29d7ac,
        type: 3}
      propertyPath: m_LocalRotation.y
      value: 0
      objectReference: {fileID: 0}
    - target: {fileID: 3690963258088814378, guid: d489bbadfc0a41b4e8f407938d29d7ac,
        type: 3}
      propertyPath: m_LocalRotation.z
      value: 0
      objectReference: {fileID: 0}
    - target: {fileID: 3690963258088814378, guid: d489bbadfc0a41b4e8f407938d29d7ac,
        type: 3}
      propertyPath: m_LocalRotation.w
      value: 1
      objectReference: {fileID: 0}
    - target: {fileID: 3690963258088814378, guid: d489bbadfc0a41b4e8f407938d29d7ac,
        type: 3}
      propertyPath: m_RootOrder
      value: 1
      objectReference: {fileID: 0}
    - target: {fileID: 3690963258088814378, guid: d489bbadfc0a41b4e8f407938d29d7ac,
        type: 3}
      propertyPath: m_LocalEulerAnglesHint.x
      value: 0
      objectReference: {fileID: 0}
    - target: {fileID: 3690963258088814378, guid: d489bbadfc0a41b4e8f407938d29d7ac,
        type: 3}
      propertyPath: m_LocalEulerAnglesHint.y
      value: 0
      objectReference: {fileID: 0}
    - target: {fileID: 3690963258088814378, guid: d489bbadfc0a41b4e8f407938d29d7ac,
        type: 3}
      propertyPath: m_LocalEulerAnglesHint.z
      value: 0
      objectReference: {fileID: 0}
    - target: {fileID: 64868587249190824, guid: d489bbadfc0a41b4e8f407938d29d7ac,
        type: 3}
      propertyPath: m_textInfo.characterCount
      value: 2
      objectReference: {fileID: 0}
    - target: {fileID: 64868587249190824, guid: d489bbadfc0a41b4e8f407938d29d7ac,
        type: 3}
      propertyPath: m_textInfo.wordCount
      value: 1
      objectReference: {fileID: 0}
    - target: {fileID: 64868587249190824, guid: d489bbadfc0a41b4e8f407938d29d7ac,
        type: 3}
      propertyPath: m_textInfo.lineCount
      value: 1
      objectReference: {fileID: 0}
    - target: {fileID: 64868587249190824, guid: d489bbadfc0a41b4e8f407938d29d7ac,
        type: 3}
      propertyPath: m_textInfo.pageCount
      value: 1
      objectReference: {fileID: 0}
    - target: {fileID: 64868587249190824, guid: d489bbadfc0a41b4e8f407938d29d7ac,
        type: 3}
      propertyPath: m_text
      value: 34
      objectReference: {fileID: 0}
    - target: {fileID: 5015135096348998162, guid: d489bbadfc0a41b4e8f407938d29d7ac,
        type: 3}
      propertyPath: m_Mesh
      value: 
      objectReference: {fileID: 0}
    - target: {fileID: 891880011862597187, guid: d489bbadfc0a41b4e8f407938d29d7ac,
        type: 3}
      propertyPath: m_Color.r
      value: 1
      objectReference: {fileID: 0}
    - target: {fileID: 891880011862597187, guid: d489bbadfc0a41b4e8f407938d29d7ac,
        type: 3}
      propertyPath: m_Color.g
      value: 1
      objectReference: {fileID: 0}
    - target: {fileID: 891880011862597187, guid: d489bbadfc0a41b4e8f407938d29d7ac,
        type: 3}
      propertyPath: m_Color.b
      value: 1
      objectReference: {fileID: 0}
    m_RemovedComponents: []
  m_SourcePrefab: {fileID: 100100000, guid: d489bbadfc0a41b4e8f407938d29d7ac, type: 3}
--- !u!4 &5907712243158441595 stripped
Transform:
  m_CorrespondingSourceObject: {fileID: 3690963258088814378, guid: d489bbadfc0a41b4e8f407938d29d7ac,
    type: 3}
  m_PrefabInstance: {fileID: 7116962273734273361}
  m_PrefabAsset: {fileID: 0}
--- !u!114 &3064218886455960559 stripped
MonoBehaviour:
  m_CorrespondingSourceObject: {fileID: 5206950260706478782, guid: d489bbadfc0a41b4e8f407938d29d7ac,
    type: 3}
  m_PrefabInstance: {fileID: 7116962273734273361}
  m_PrefabAsset: {fileID: 0}
  m_GameObject: {fileID: 0}
  m_Enabled: 1
  m_EditorHideFlags: 0
  m_Script: {fileID: 11500000, guid: d8d7818403a71614591446b79827b7e0, type: 3}
  m_Name: 
  m_EditorClassIdentifier: 
--- !u!1001 &8324230964399428391
PrefabInstance:
  m_ObjectHideFlags: 0
  serializedVersion: 2
  m_Modification:
    m_TransformParent: {fileID: 7665411367783520602}
    m_Modifications:
    - target: {fileID: 6610097085957407663, guid: d489bbadfc0a41b4e8f407938d29d7ac,
        type: 3}
      propertyPath: m_Name
      value: GameObject
      objectReference: {fileID: 0}
    - target: {fileID: 5206950260706478782, guid: d489bbadfc0a41b4e8f407938d29d7ac,
        type: 3}
      propertyPath: value
      value: -7
      objectReference: {fileID: 0}
    - target: {fileID: 3559537239301656195, guid: d489bbadfc0a41b4e8f407938d29d7ac,
        type: 3}
      propertyPath: properties.Array.data[0].noiseSpeed.y
      value: 2
      objectReference: {fileID: 0}
    - target: {fileID: 3559537239301656195, guid: d489bbadfc0a41b4e8f407938d29d7ac,
        type: 3}
      propertyPath: properties.Array.data[1].noiseSpeed.x
      value: 1
      objectReference: {fileID: 0}
    - target: {fileID: 3690963258088814378, guid: d489bbadfc0a41b4e8f407938d29d7ac,
        type: 3}
      propertyPath: m_LocalPosition.x
      value: 2.04
      objectReference: {fileID: 0}
    - target: {fileID: 3690963258088814378, guid: d489bbadfc0a41b4e8f407938d29d7ac,
        type: 3}
      propertyPath: m_LocalPosition.y
      value: 2.87
      objectReference: {fileID: 0}
    - target: {fileID: 3690963258088814378, guid: d489bbadfc0a41b4e8f407938d29d7ac,
        type: 3}
      propertyPath: m_LocalPosition.z
      value: 0
      objectReference: {fileID: 0}
    - target: {fileID: 3690963258088814378, guid: d489bbadfc0a41b4e8f407938d29d7ac,
        type: 3}
      propertyPath: m_LocalRotation.x
      value: 0
      objectReference: {fileID: 0}
    - target: {fileID: 3690963258088814378, guid: d489bbadfc0a41b4e8f407938d29d7ac,
        type: 3}
      propertyPath: m_LocalRotation.y
      value: 0
      objectReference: {fileID: 0}
    - target: {fileID: 3690963258088814378, guid: d489bbadfc0a41b4e8f407938d29d7ac,
        type: 3}
      propertyPath: m_LocalRotation.z
      value: 0
      objectReference: {fileID: 0}
    - target: {fileID: 3690963258088814378, guid: d489bbadfc0a41b4e8f407938d29d7ac,
        type: 3}
      propertyPath: m_LocalRotation.w
      value: 1
      objectReference: {fileID: 0}
    - target: {fileID: 3690963258088814378, guid: d489bbadfc0a41b4e8f407938d29d7ac,
        type: 3}
      propertyPath: m_RootOrder
      value: 0
      objectReference: {fileID: 0}
    - target: {fileID: 3690963258088814378, guid: d489bbadfc0a41b4e8f407938d29d7ac,
        type: 3}
      propertyPath: m_LocalEulerAnglesHint.x
      value: 0
      objectReference: {fileID: 0}
    - target: {fileID: 3690963258088814378, guid: d489bbadfc0a41b4e8f407938d29d7ac,
        type: 3}
      propertyPath: m_LocalEulerAnglesHint.y
      value: 0
      objectReference: {fileID: 0}
    - target: {fileID: 3690963258088814378, guid: d489bbadfc0a41b4e8f407938d29d7ac,
        type: 3}
      propertyPath: m_LocalEulerAnglesHint.z
      value: 0
      objectReference: {fileID: 0}
    - target: {fileID: 64868587249190824, guid: d489bbadfc0a41b4e8f407938d29d7ac,
        type: 3}
      propertyPath: m_text
      value: -7
      objectReference: {fileID: 0}
    - target: {fileID: 64868587249190824, guid: d489bbadfc0a41b4e8f407938d29d7ac,
        type: 3}
      propertyPath: m_textInfo.characterCount
      value: 2
      objectReference: {fileID: 0}
    - target: {fileID: 5015135096348998162, guid: d489bbadfc0a41b4e8f407938d29d7ac,
        type: 3}
      propertyPath: m_Mesh
      value: 
      objectReference: {fileID: 0}
    - target: {fileID: 891880011862597187, guid: d489bbadfc0a41b4e8f407938d29d7ac,
        type: 3}
      propertyPath: m_Color.r
      value: 1
      objectReference: {fileID: 0}
    - target: {fileID: 891880011862597187, guid: d489bbadfc0a41b4e8f407938d29d7ac,
        type: 3}
      propertyPath: m_Color.g
      value: 1
      objectReference: {fileID: 0}
    - target: {fileID: 891880011862597187, guid: d489bbadfc0a41b4e8f407938d29d7ac,
        type: 3}
      propertyPath: m_Color.b
      value: 1
      objectReference: {fileID: 0}
    m_RemovedComponents: []
  m_SourcePrefab: {fileID: 100100000, guid: d489bbadfc0a41b4e8f407938d29d7ac, type: 3}
--- !u!4 &4665012823212106765 stripped
Transform:
  m_CorrespondingSourceObject: {fileID: 3690963258088814378, guid: d489bbadfc0a41b4e8f407938d29d7ac,
    type: 3}
  m_PrefabInstance: {fileID: 8324230964399428391}
  m_PrefabAsset: {fileID: 0}
--- !u!114 &4307506512912996761 stripped
MonoBehaviour:
  m_CorrespondingSourceObject: {fileID: 5206950260706478782, guid: d489bbadfc0a41b4e8f407938d29d7ac,
    type: 3}
  m_PrefabInstance: {fileID: 8324230964399428391}
  m_PrefabAsset: {fileID: 0}
  m_GameObject: {fileID: 0}
  m_Enabled: 1
  m_EditorHideFlags: 0
  m_Script: {fileID: 11500000, guid: d8d7818403a71614591446b79827b7e0, type: 3}
  m_Name: 
  m_EditorClassIdentifier: 
