%YAML 1.1
%TAG !u! tag:unity3d.com,2011:
--- !u!1 &1960951552020952634
GameObject:
  m_ObjectHideFlags: 0
  m_CorrespondingSourceObject: {fileID: 0}
  m_PrefabInstance: {fileID: 0}
  m_PrefabAsset: {fileID: 0}
  serializedVersion: 6
  m_Component:
  - component: {fileID: 7665411367783520602}
  - component: {fileID: 6554290958472102979}
  m_Layer: 0
  m_Name: BG_Task_Fig_Easy
  m_TagString: Untagged
  m_Icon: {fileID: 0}
  m_NavMeshLayer: 0
  m_StaticEditorFlags: 0
  m_IsActive: 1
--- !u!4 &7665411367783520602
Transform:
  m_ObjectHideFlags: 0
  m_CorrespondingSourceObject: {fileID: 0}
  m_PrefabInstance: {fileID: 0}
  m_PrefabAsset: {fileID: 0}
  m_GameObject: {fileID: 1960951552020952634}
  m_LocalRotation: {x: 0, y: 0, z: 0, w: 1}
  m_LocalPosition: {x: 0, y: 0, z: 0}
  m_LocalScale: {x: 1, y: 1, z: 1}
  m_Children:
  - {fileID: 8345588144264178348}
  - {fileID: 6596060093182024048}
  - {fileID: 4623745706384631691}
  - {fileID: 6967476467525797250}
  m_Father: {fileID: 0}
  m_RootOrder: 0
  m_LocalEulerAnglesHint: {x: 0, y: 0, z: 0}
--- !u!114 &6554290958472102979
MonoBehaviour:
  m_ObjectHideFlags: 0
  m_CorrespondingSourceObject: {fileID: 0}
  m_PrefabInstance: {fileID: 0}
  m_PrefabAsset: {fileID: 0}
  m_GameObject: {fileID: 1960951552020952634}
  m_Enabled: 1
  m_EditorHideFlags: 0
  m_Script: {fileID: 11500000, guid: 915aa8fc2d8ee124094f0d7cd222803a, type: 3}
  m_Name: 
  m_EditorClassIdentifier: 
  lineIsClosed: 1
  taskObjects:
  - {fileID: 624696434611754808}
  - {fileID: 2374465310885536996}
  - {fileID: 4274191007247260191}
  - {fileID: 2002783267042605078}
--- !u!1001 &4677432090813603206
PrefabInstance:
  m_ObjectHideFlags: 0
  serializedVersion: 2
  m_Modification:
    m_TransformParent: {fileID: 7665411367783520602}
    m_Modifications:
    - target: {fileID: 6610097085957407663, guid: 074cb4201c86a7f4c85878f007824796,
        type: 3}
      propertyPath: m_Name
      value: BG_TaskObject_Fig
      objectReference: {fileID: 0}
    - target: {fileID: 3690963258088814378, guid: 074cb4201c86a7f4c85878f007824796,
        type: 3}
      propertyPath: m_LocalPosition.x
      value: -1.53
      objectReference: {fileID: 0}
    - target: {fileID: 3690963258088814378, guid: 074cb4201c86a7f4c85878f007824796,
        type: 3}
      propertyPath: m_LocalPosition.y
      value: 2.17
      objectReference: {fileID: 0}
    - target: {fileID: 3690963258088814378, guid: 074cb4201c86a7f4c85878f007824796,
        type: 3}
      propertyPath: m_LocalPosition.z
      value: 0
      objectReference: {fileID: 0}
    - target: {fileID: 3690963258088814378, guid: 074cb4201c86a7f4c85878f007824796,
        type: 3}
      propertyPath: m_LocalRotation.x
      value: 0
      objectReference: {fileID: 0}
    - target: {fileID: 3690963258088814378, guid: 074cb4201c86a7f4c85878f007824796,
        type: 3}
      propertyPath: m_LocalRotation.y
      value: 0
      objectReference: {fileID: 0}
    - target: {fileID: 3690963258088814378, guid: 074cb4201c86a7f4c85878f007824796,
        type: 3}
      propertyPath: m_LocalRotation.z
      value: 0
      objectReference: {fileID: 0}
    - target: {fileID: 3690963258088814378, guid: 074cb4201c86a7f4c85878f007824796,
        type: 3}
      propertyPath: m_LocalRotation.w
      value: 1
      objectReference: {fileID: 0}
    - target: {fileID: 3690963258088814378, guid: 074cb4201c86a7f4c85878f007824796,
        type: 3}
      propertyPath: m_RootOrder
      value: 0
      objectReference: {fileID: 0}
    - target: {fileID: 3690963258088814378, guid: 074cb4201c86a7f4c85878f007824796,
        type: 3}
      propertyPath: m_LocalEulerAnglesHint.x
      value: 0
      objectReference: {fileID: 0}
    - target: {fileID: 3690963258088814378, guid: 074cb4201c86a7f4c85878f007824796,
        type: 3}
      propertyPath: m_LocalEulerAnglesHint.y
      value: 0
      objectReference: {fileID: 0}
    - target: {fileID: 3690963258088814378, guid: 074cb4201c86a7f4c85878f007824796,
        type: 3}
      propertyPath: m_LocalEulerAnglesHint.z
      value: 0
      objectReference: {fileID: 0}
    m_RemovedComponents: []
  m_SourcePrefab: {fileID: 100100000, guid: 074cb4201c86a7f4c85878f007824796, type: 3}
--- !u!4 &8345588144264178348 stripped
Transform:
  m_CorrespondingSourceObject: {fileID: 3690963258088814378, guid: 074cb4201c86a7f4c85878f007824796,
    type: 3}
  m_PrefabInstance: {fileID: 4677432090813603206}
  m_PrefabAsset: {fileID: 0}
--- !u!114 &624696434611754808 stripped
MonoBehaviour:
  m_CorrespondingSourceObject: {fileID: 5206950260706478782, guid: 074cb4201c86a7f4c85878f007824796,
    type: 3}
  m_PrefabInstance: {fileID: 4677432090813603206}
  m_PrefabAsset: {fileID: 0}
  m_GameObject: {fileID: 0}
  m_Enabled: 1
  m_EditorHideFlags: 0
  m_Script: {fileID: 11500000, guid: d8d7818403a71614591446b79827b7e0, type: 3}
  m_Name: 
  m_EditorClassIdentifier: 
--- !u!1001 &6019515453513282216
PrefabInstance:
  m_ObjectHideFlags: 0
  serializedVersion: 2
  m_Modification:
    m_TransformParent: {fileID: 7665411367783520602}
    m_Modifications:
    - target: {fileID: 6610097085957407663, guid: 074cb4201c86a7f4c85878f007824796,
        type: 3}
      propertyPath: m_Name
      value: BG_TaskObject_Fig (3)
      objectReference: {fileID: 0}
    - target: {fileID: 5206950260706478782, guid: 074cb4201c86a7f4c85878f007824796,
        type: 3}
      propertyPath: value
      value: 1
      objectReference: {fileID: 0}
    - target: {fileID: 3690963258088814378, guid: 074cb4201c86a7f4c85878f007824796,
        type: 3}
      propertyPath: m_LocalPosition.x
      value: 0.31
      objectReference: {fileID: 0}
    - target: {fileID: 3690963258088814378, guid: 074cb4201c86a7f4c85878f007824796,
        type: 3}
      propertyPath: m_LocalPosition.y
      value: 1.19
      objectReference: {fileID: 0}
    - target: {fileID: 3690963258088814378, guid: 074cb4201c86a7f4c85878f007824796,
        type: 3}
      propertyPath: m_LocalPosition.z
      value: 0
      objectReference: {fileID: 0}
    - target: {fileID: 3690963258088814378, guid: 074cb4201c86a7f4c85878f007824796,
        type: 3}
      propertyPath: m_LocalRotation.x
      value: 0
      objectReference: {fileID: 0}
    - target: {fileID: 3690963258088814378, guid: 074cb4201c86a7f4c85878f007824796,
        type: 3}
      propertyPath: m_LocalRotation.y
      value: 0
      objectReference: {fileID: 0}
    - target: {fileID: 3690963258088814378, guid: 074cb4201c86a7f4c85878f007824796,
        type: 3}
      propertyPath: m_LocalRotation.z
      value: 0
      objectReference: {fileID: 0}
    - target: {fileID: 3690963258088814378, guid: 074cb4201c86a7f4c85878f007824796,
        type: 3}
      propertyPath: m_LocalRotation.w
      value: 1
      objectReference: {fileID: 0}
    - target: {fileID: 3690963258088814378, guid: 074cb4201c86a7f4c85878f007824796,
        type: 3}
      propertyPath: m_RootOrder
      value: 3
      objectReference: {fileID: 0}
    - target: {fileID: 3690963258088814378, guid: 074cb4201c86a7f4c85878f007824796,
        type: 3}
      propertyPath: m_LocalEulerAnglesHint.x
      value: 0
      objectReference: {fileID: 0}
    - target: {fileID: 3690963258088814378, guid: 074cb4201c86a7f4c85878f007824796,
        type: 3}
      propertyPath: m_LocalEulerAnglesHint.y
      value: 0
      objectReference: {fileID: 0}
    - target: {fileID: 3690963258088814378, guid: 074cb4201c86a7f4c85878f007824796,
        type: 3}
      propertyPath: m_LocalEulerAnglesHint.z
      value: 0
      objectReference: {fileID: 0}
    - target: {fileID: 7858374213261742614, guid: 074cb4201c86a7f4c85878f007824796,
        type: 3}
      propertyPath: m_Sprite
      value: 
      objectReference: {fileID: -7654518743626583443, guid: f2da07b6ef5c09147a1c397299ca8210,
        type: 3}
    m_RemovedComponents: []
  m_SourcePrefab: {fileID: 100100000, guid: 074cb4201c86a7f4c85878f007824796, type: 3}
--- !u!4 &6967476467525797250 stripped
Transform:
  m_CorrespondingSourceObject: {fileID: 3690963258088814378, guid: 074cb4201c86a7f4c85878f007824796,
    type: 3}
  m_PrefabInstance: {fileID: 6019515453513282216}
  m_PrefabAsset: {fileID: 0}
--- !u!114 &2002783267042605078 stripped
MonoBehaviour:
  m_CorrespondingSourceObject: {fileID: 5206950260706478782, guid: 074cb4201c86a7f4c85878f007824796,
    type: 3}
  m_PrefabInstance: {fileID: 6019515453513282216}
  m_PrefabAsset: {fileID: 0}
  m_GameObject: {fileID: 0}
  m_Enabled: 1
  m_EditorHideFlags: 0
  m_Script: {fileID: 11500000, guid: d8d7818403a71614591446b79827b7e0, type: 3}
  m_Name: 
  m_EditorClassIdentifier: 
--- !u!1001 &7543817662746881626
PrefabInstance:
  m_ObjectHideFlags: 0
  serializedVersion: 2
  m_Modification:
    m_TransformParent: {fileID: 7665411367783520602}
    m_Modifications:
    - target: {fileID: 6610097085957407663, guid: 074cb4201c86a7f4c85878f007824796,
        type: 3}
      propertyPath: m_Name
      value: BG_TaskObject_Fig (1)
      objectReference: {fileID: 0}
    - target: {fileID: 5206950260706478782, guid: 074cb4201c86a7f4c85878f007824796,
        type: 3}
      propertyPath: value
      value: 4
      objectReference: {fileID: 0}
    - target: {fileID: 3690963258088814378, guid: 074cb4201c86a7f4c85878f007824796,
        type: 3}
      propertyPath: m_LocalPosition.x
      value: -0.25
      objectReference: {fileID: 0}
    - target: {fileID: 3690963258088814378, guid: 074cb4201c86a7f4c85878f007824796,
        type: 3}
      propertyPath: m_LocalPosition.y
      value: 3.78
      objectReference: {fileID: 0}
    - target: {fileID: 3690963258088814378, guid: 074cb4201c86a7f4c85878f007824796,
        type: 3}
      propertyPath: m_LocalPosition.z
      value: 0
      objectReference: {fileID: 0}
    - target: {fileID: 3690963258088814378, guid: 074cb4201c86a7f4c85878f007824796,
        type: 3}
      propertyPath: m_LocalRotation.x
      value: 0
      objectReference: {fileID: 0}
    - target: {fileID: 3690963258088814378, guid: 074cb4201c86a7f4c85878f007824796,
        type: 3}
      propertyPath: m_LocalRotation.y
      value: 0
      objectReference: {fileID: 0}
    - target: {fileID: 3690963258088814378, guid: 074cb4201c86a7f4c85878f007824796,
        type: 3}
      propertyPath: m_LocalRotation.z
      value: 0
      objectReference: {fileID: 0}
    - target: {fileID: 3690963258088814378, guid: 074cb4201c86a7f4c85878f007824796,
        type: 3}
      propertyPath: m_LocalRotation.w
      value: 1
      objectReference: {fileID: 0}
    - target: {fileID: 3690963258088814378, guid: 074cb4201c86a7f4c85878f007824796,
        type: 3}
      propertyPath: m_RootOrder
      value: 1
      objectReference: {fileID: 0}
    - target: {fileID: 3690963258088814378, guid: 074cb4201c86a7f4c85878f007824796,
        type: 3}
      propertyPath: m_LocalEulerAnglesHint.x
      value: 0
      objectReference: {fileID: 0}
    - target: {fileID: 3690963258088814378, guid: 074cb4201c86a7f4c85878f007824796,
        type: 3}
      propertyPath: m_LocalEulerAnglesHint.y
      value: 0
      objectReference: {fileID: 0}
    - target: {fileID: 3690963258088814378, guid: 074cb4201c86a7f4c85878f007824796,
        type: 3}
      propertyPath: m_LocalEulerAnglesHint.z
      value: 0
      objectReference: {fileID: 0}
    - target: {fileID: 7858374213261742614, guid: 074cb4201c86a7f4c85878f007824796,
        type: 3}
      propertyPath: m_Sprite
      value: 
      objectReference: {fileID: 2747833284898436031, guid: f2da07b6ef5c09147a1c397299ca8210,
        type: 3}
    m_RemovedComponents: []
  m_SourcePrefab: {fileID: 100100000, guid: 074cb4201c86a7f4c85878f007824796, type: 3}
--- !u!4 &6596060093182024048 stripped
Transform:
  m_CorrespondingSourceObject: {fileID: 3690963258088814378, guid: 074cb4201c86a7f4c85878f007824796,
    type: 3}
  m_PrefabInstance: {fileID: 7543817662746881626}
  m_PrefabAsset: {fileID: 0}
--- !u!114 &2374465310885536996 stripped
MonoBehaviour:
  m_CorrespondingSourceObject: {fileID: 5206950260706478782, guid: 074cb4201c86a7f4c85878f007824796,
    type: 3}
  m_PrefabInstance: {fileID: 7543817662746881626}
  m_PrefabAsset: {fileID: 0}
  m_GameObject: {fileID: 0}
  m_Enabled: 1
  m_EditorHideFlags: 0
  m_Script: {fileID: 11500000, guid: d8d7818403a71614591446b79827b7e0, type: 3}
  m_Name: 
  m_EditorClassIdentifier: 
--- !u!1001 &8291751161676812449
PrefabInstance:
  m_ObjectHideFlags: 0
  serializedVersion: 2
  m_Modification:
    m_TransformParent: {fileID: 7665411367783520602}
    m_Modifications:
    - target: {fileID: 6610097085957407663, guid: 074cb4201c86a7f4c85878f007824796,
        type: 3}
      propertyPath: m_Name
      value: BG_TaskObject_Fig (2)
      objectReference: {fileID: 0}
    - target: {fileID: 5206950260706478782, guid: 074cb4201c86a7f4c85878f007824796,
        type: 3}
      propertyPath: value
      value: 10
      objectReference: {fileID: 0}
    - target: {fileID: 3690963258088814378, guid: 074cb4201c86a7f4c85878f007824796,
        type: 3}
      propertyPath: m_LocalPosition.x
      value: 1.64
      objectReference: {fileID: 0}
    - target: {fileID: 3690963258088814378, guid: 074cb4201c86a7f4c85878f007824796,
        type: 3}
      propertyPath: m_LocalPosition.y
      value: 2.94
      objectReference: {fileID: 0}
    - target: {fileID: 3690963258088814378, guid: 074cb4201c86a7f4c85878f007824796,
        type: 3}
      propertyPath: m_LocalPosition.z
      value: 0
      objectReference: {fileID: 0}
    - target: {fileID: 3690963258088814378, guid: 074cb4201c86a7f4c85878f007824796,
        type: 3}
      propertyPath: m_LocalRotation.x
      value: 0
      objectReference: {fileID: 0}
    - target: {fileID: 3690963258088814378, guid: 074cb4201c86a7f4c85878f007824796,
        type: 3}
      propertyPath: m_LocalRotation.y
      value: 0
      objectReference: {fileID: 0}
    - target: {fileID: 3690963258088814378, guid: 074cb4201c86a7f4c85878f007824796,
        type: 3}
      propertyPath: m_LocalRotation.z
      value: 0
      objectReference: {fileID: 0}
    - target: {fileID: 3690963258088814378, guid: 074cb4201c86a7f4c85878f007824796,
        type: 3}
      propertyPath: m_LocalRotation.w
      value: 1
      objectReference: {fileID: 0}
    - target: {fileID: 3690963258088814378, guid: 074cb4201c86a7f4c85878f007824796,
        type: 3}
      propertyPath: m_RootOrder
      value: 2
      objectReference: {fileID: 0}
    - target: {fileID: 3690963258088814378, guid: 074cb4201c86a7f4c85878f007824796,
        type: 3}
      propertyPath: m_LocalEulerAnglesHint.x
      value: 0
      objectReference: {fileID: 0}
    - target: {fileID: 3690963258088814378, guid: 074cb4201c86a7f4c85878f007824796,
        type: 3}
      propertyPath: m_LocalEulerAnglesHint.y
      value: 0
      objectReference: {fileID: 0}
    - target: {fileID: 3690963258088814378, guid: 074cb4201c86a7f4c85878f007824796,
        type: 3}
      propertyPath: m_LocalEulerAnglesHint.z
      value: 0
      objectReference: {fileID: 0}
    - target: {fileID: 7858374213261742614, guid: 074cb4201c86a7f4c85878f007824796,
        type: 3}
      propertyPath: m_Sprite
      value: 
      objectReference: {fileID: 4038697500000278893, guid: f2da07b6ef5c09147a1c397299ca8210,
        type: 3}
    m_RemovedComponents: []
  m_SourcePrefab: {fileID: 100100000, guid: 074cb4201c86a7f4c85878f007824796, type: 3}
--- !u!4 &4623745706384631691 stripped
Transform:
  m_CorrespondingSourceObject: {fileID: 3690963258088814378, guid: 074cb4201c86a7f4c85878f007824796,
    type: 3}
  m_PrefabInstance: {fileID: 8291751161676812449}
  m_PrefabAsset: {fileID: 0}
--- !u!114 &4274191007247260191 stripped
MonoBehaviour:
  m_CorrespondingSourceObject: {fileID: 5206950260706478782, guid: 074cb4201c86a7f4c85878f007824796,
    type: 3}
  m_PrefabInstance: {fileID: 8291751161676812449}
  m_PrefabAsset: {fileID: 0}
  m_GameObject: {fileID: 0}
  m_Enabled: 1
  m_EditorHideFlags: 0
  m_Script: {fileID: 11500000, guid: d8d7818403a71614591446b79827b7e0, type: 3}
  m_Name: 
  m_EditorClassIdentifier: 
