%YAML 1.1
%TAG !u! tag:unity3d.com,2011:
--- !u!1 &2607800348245143851
GameObject:
  m_ObjectHideFlags: 0
  m_CorrespondingSourceObject: {fileID: 0}
  m_PrefabInstance: {fileID: 0}
  m_PrefabAsset: {fileID: 0}
  serializedVersion: 6
  m_Component:
  - component: {fileID: 8762247872466127885}
  m_Layer: 0
  m_Name: Dodecahedron
  m_TagString: Untagged
  m_Icon: {fileID: 0}
  m_NavMeshLayer: 0
  m_StaticEditorFlags: 0
  m_IsActive: 1
--- !u!4 &8762247872466127885
Transform:
  m_ObjectHideFlags: 0
  m_CorrespondingSourceObject: {fileID: 0}
  m_PrefabInstance: {fileID: 0}
  m_PrefabAsset: {fileID: 0}
  m_GameObject: {fileID: 2607800348245143851}
  m_LocalRotation: {x: 0.6724985, y: 0.21850796, z: 0.21850796, w: 0.6724985}
  m_LocalPosition: {x: 0, y: -0.15, z: 0}
  m_LocalScale: {x: 0.65, y: 0.65, z: 0.65}
  m_Children:
  - {fileID: 7016662766223171496}
  m_Father: {fileID: 115776741478452739}
  m_RootOrder: 1
  m_LocalEulerAnglesHint: {x: 126, y: -90, z: -90}
--- !u!1 &4164551850207937188
GameObject:
  m_ObjectHideFlags: 0
  m_CorrespondingSourceObject: {fileID: 0}
  m_PrefabInstance: {fileID: 0}
  m_PrefabAsset: {fileID: 0}
  serializedVersion: 6
  m_Component:
  - component: {fileID: 115776741478452739}
  - component: {fileID: 828320846932061270}
  - component: {fileID: 7857324718034195628}
  m_Layer: 0
  m_Name: FG_Dodecahedron
  m_TagString: Untagged
  m_Icon: {fileID: 0}
  m_NavMeshLayer: 0
  m_StaticEditorFlags: 0
  m_IsActive: 1
--- !u!4 &115776741478452739
Transform:
  m_ObjectHideFlags: 0
  m_CorrespondingSourceObject: {fileID: 0}
  m_PrefabInstance: {fileID: 0}
  m_PrefabAsset: {fileID: 0}
  m_GameObject: {fileID: 4164551850207937188}
  m_LocalRotation: {x: 0, y: 0, z: 0, w: 1}
  m_LocalPosition: {x: 0, y: 0, z: 0}
  m_LocalScale: {x: 1, y: 1, z: 1}
  m_Children:
  - {fileID: 8135941741394776031}
  - {fileID: 8762247872466127885}
  m_Father: {fileID: 0}
  m_RootOrder: 0
  m_LocalEulerAnglesHint: {x: 0, y: 0, z: 0}
--- !u!114 &828320846932061270
MonoBehaviour:
  m_ObjectHideFlags: 0
  m_CorrespondingSourceObject: {fileID: 0}
  m_PrefabInstance: {fileID: 0}
  m_PrefabAsset: {fileID: 0}
  m_GameObject: {fileID: 4164551850207937188}
  m_Enabled: 1
  m_EditorHideFlags: 0
  m_Script: {fileID: 11500000, guid: c2f82670fb38afd41a390ad03712be2b, type: 3}
  m_Name: 
  m_EditorClassIdentifier: 
  anim: {fileID: 7857324718034195628}
  shapes: 06000000
--- !u!95 &7857324718034195628
Animator:
  serializedVersion: 3
  m_ObjectHideFlags: 0
  m_CorrespondingSourceObject: {fileID: 0}
  m_PrefabInstance: {fileID: 0}
  m_PrefabAsset: {fileID: 0}
  m_GameObject: {fileID: 4164551850207937188}
  m_Enabled: 1
  m_Avatar: {fileID: 0}
  m_Controller: {fileID: 9100000, guid: 15ffe7efd6949e941b1b3b7f9531c956, type: 2}
  m_CullingMode: 0
  m_UpdateMode: 0
  m_ApplyRootMotion: 0
  m_LinearVelocityBlending: 0
  m_WarningMessage: 
  m_HasTransformHierarchy: 1
  m_AllowConstantClipSamplingOptimization: 1
  m_KeepAnimatorControllerStateOnDisable: 0
--- !u!136 &7826863417905407719
CapsuleCollider:
  m_ObjectHideFlags: 0
  m_CorrespondingSourceObject: {fileID: 0}
  m_PrefabInstance: {fileID: 0}
  m_PrefabAsset: {fileID: 0}
  m_GameObject: {fileID: 7230990047977060492}
  m_Material: {fileID: 0}
  m_IsTrigger: 1
  m_Enabled: 0
  m_Radius: 1
  m_Height: 3
  m_Direction: 1
  m_Center: {x: 0, y: 0, z: 0}
--- !u!114 &7035195239286143804
MonoBehaviour:
  m_ObjectHideFlags: 0
  m_CorrespondingSourceObject: {fileID: 0}
  m_PrefabInstance: {fileID: 0}
  m_PrefabAsset: {fileID: 0}
  m_GameObject: {fileID: 7230990047977060492}
  m_Enabled: 1
  m_EditorHideFlags: 0
  m_Script: {fileID: 11500000, guid: 9055b44801949d54fbbd7781e0f71932, type: 3}
  m_Name: 
  m_EditorClassIdentifier: 
  lockBehaviour: 0
  interactable: {fileID: 371356468528884581}
  rotationSpeed: 10
  mainObjectParent: {fileID: 0}
--- !u!1001 &763867726599048107
PrefabInstance:
  m_ObjectHideFlags: 0
  serializedVersion: 2
  m_Modification:
    m_TransformParent: {fileID: 5203752913862206444}
    m_Modifications:
    - target: {fileID: 2262309757959098572, guid: 9cee2b426437ee5459944ad784e5699c,
        type: 3}
      propertyPath: m_Name
      value: PentagonFaceFree (7)
      objectReference: {fileID: 0}
    - target: {fileID: 2436605624525294923, guid: 9cee2b426437ee5459944ad784e5699c,
        type: 3}
      propertyPath: m_LocalPosition.x
      value: 0.40442273
      objectReference: {fileID: 0}
    - target: {fileID: 2436605624525294923, guid: 9cee2b426437ee5459944ad784e5699c,
        type: 3}
      propertyPath: m_LocalPosition.y
      value: 0
      objectReference: {fileID: 0}
    - target: {fileID: 2436605624525294923, guid: 9cee2b426437ee5459944ad784e5699c,
        type: 3}
      propertyPath: m_LocalPosition.z
      value: -1.2438519
      objectReference: {fileID: 0}
    - target: {fileID: 2436605624525294923, guid: 9cee2b426437ee5459944ad784e5699c,
        type: 3}
      propertyPath: m_LocalRotation.x
      value: -0
      objectReference: {fileID: 0}
    - target: {fileID: 2436605624525294923, guid: 9cee2b426437ee5459944ad784e5699c,
        type: 3}
      propertyPath: m_LocalRotation.y
      value: -0.30901706
      objectReference: {fileID: 0}
    - target: {fileID: 2436605624525294923, guid: 9cee2b426437ee5459944ad784e5699c,
        type: 3}
      propertyPath: m_LocalRotation.z
      value: -0
      objectReference: {fileID: 0}
    - target: {fileID: 2436605624525294923, guid: 9cee2b426437ee5459944ad784e5699c,
        type: 3}
      propertyPath: m_LocalRotation.w
      value: 0.95105654
      objectReference: {fileID: 0}
    - target: {fileID: 2436605624525294923, guid: 9cee2b426437ee5459944ad784e5699c,
        type: 3}
      propertyPath: m_RootOrder
      value: 1
      objectReference: {fileID: 0}
    - target: {fileID: 2436605624525294923, guid: 9cee2b426437ee5459944ad784e5699c,
        type: 3}
      propertyPath: m_LocalEulerAnglesHint.x
      value: 0
      objectReference: {fileID: 0}
    - target: {fileID: 2436605624525294923, guid: 9cee2b426437ee5459944ad784e5699c,
        type: 3}
      propertyPath: m_LocalEulerAnglesHint.y
      value: 108
      objectReference: {fileID: 0}
    - target: {fileID: 2436605624525294923, guid: 9cee2b426437ee5459944ad784e5699c,
        type: 3}
      propertyPath: m_LocalEulerAnglesHint.z
      value: 0
      objectReference: {fileID: 0}
    - target: {fileID: 9063573487910149859, guid: 9cee2b426437ee5459944ad784e5699c,
        type: 3}
      propertyPath: m_LocalPosition.x
      value: 0
      objectReference: {fileID: 0}
    - target: {fileID: 9063573487910149859, guid: 9cee2b426437ee5459944ad784e5699c,
        type: 3}
      propertyPath: m_LocalPosition.z
      value: -0.6877
      objectReference: {fileID: 0}
    - target: {fileID: 5572949036566683757, guid: 9cee2b426437ee5459944ad784e5699c,
        type: 3}
      propertyPath: m_IsActive
      value: 1
      objectReference: {fileID: 0}
    - target: {fileID: 6870237622219345768, guid: 9cee2b426437ee5459944ad784e5699c,
        type: 3}
      propertyPath: m_IsActive
      value: 1
      objectReference: {fileID: 0}
    - target: {fileID: 7314757279294857861, guid: 9cee2b426437ee5459944ad784e5699c,
        type: 3}
      propertyPath: m_IsActive
      value: 1
      objectReference: {fileID: 0}
    - target: {fileID: 485602022275564661, guid: 9cee2b426437ee5459944ad784e5699c,
        type: 3}
      propertyPath: m_IsActive
      value: 1
      objectReference: {fileID: 0}
    - target: {fileID: 1249196881027672983, guid: 9cee2b426437ee5459944ad784e5699c,
        type: 3}
      propertyPath: m_IsActive
      value: 1
      objectReference: {fileID: 0}
    - target: {fileID: 2205520969070000886, guid: 9cee2b426437ee5459944ad784e5699c,
        type: 3}
      propertyPath: m_IsActive
      value: 1
      objectReference: {fileID: 0}
    - target: {fileID: 2223624075955803925, guid: 9cee2b426437ee5459944ad784e5699c,
        type: 3}
      propertyPath: m_IsActive
      value: 1
      objectReference: {fileID: 0}
    - target: {fileID: 2261468083107282908, guid: 9cee2b426437ee5459944ad784e5699c,
        type: 3}
      propertyPath: m_IsActive
      value: 1
      objectReference: {fileID: 0}
    - target: {fileID: 4287009096055934419, guid: 9cee2b426437ee5459944ad784e5699c,
        type: 3}
      propertyPath: m_IsActive
      value: 1
      objectReference: {fileID: 0}
    - target: {fileID: 4270212244027450841, guid: 9cee2b426437ee5459944ad784e5699c,
        type: 3}
      propertyPath: m_IsActive
      value: 1
      objectReference: {fileID: 0}
    m_RemovedComponents: []
  m_SourcePrefab: {fileID: 100100000, guid: 9cee2b426437ee5459944ad784e5699c, type: 3}
--- !u!4 &3119097066301605600 stripped
Transform:
  m_CorrespondingSourceObject: {fileID: 2436605624525294923, guid: 9cee2b426437ee5459944ad784e5699c,
    type: 3}
  m_PrefabInstance: {fileID: 763867726599048107}
  m_PrefabAsset: {fileID: 0}
--- !u!1001 &2328272462700854469
PrefabInstance:
  m_ObjectHideFlags: 0
  serializedVersion: 2
  m_Modification:
    m_TransformParent: {fileID: 3119097066301605600}
    m_Modifications:
    - target: {fileID: 2262309757959098572, guid: 9cee2b426437ee5459944ad784e5699c,
        type: 3}
      propertyPath: m_Name
      value: PentagonFaceFree (10)
      objectReference: {fileID: 0}
    - target: {fileID: 2436605624525294923, guid: 9cee2b426437ee5459944ad784e5699c,
        type: 3}
      propertyPath: m_LocalPosition.x
      value: -0.65380335
      objectReference: {fileID: 0}
    - target: {fileID: 2436605624525294923, guid: 9cee2b426437ee5459944ad784e5699c,
        type: 3}
      propertyPath: m_LocalPosition.y
      value: 0
      objectReference: {fileID: 0}
    - target: {fileID: 2436605624525294923, guid: 9cee2b426437ee5459944ad784e5699c,
        type: 3}
      propertyPath: m_LocalPosition.z
      value: -0.47476882
      objectReference: {fileID: 0}
    - target: {fileID: 2436605624525294923, guid: 9cee2b426437ee5459944ad784e5699c,
        type: 3}
      propertyPath: m_LocalRotation.x
      value: -0
      objectReference: {fileID: 0}
    - target: {fileID: 2436605624525294923, guid: 9cee2b426437ee5459944ad784e5699c,
        type: 3}
      propertyPath: m_LocalRotation.y
      value: 0.80901694
      objectReference: {fileID: 0}
    - target: {fileID: 2436605624525294923, guid: 9cee2b426437ee5459944ad784e5699c,
        type: 3}
      propertyPath: m_LocalRotation.z
      value: -0
      objectReference: {fileID: 0}
    - target: {fileID: 2436605624525294923, guid: 9cee2b426437ee5459944ad784e5699c,
        type: 3}
      propertyPath: m_LocalRotation.w
      value: 0.5877853
      objectReference: {fileID: 0}
    - target: {fileID: 2436605624525294923, guid: 9cee2b426437ee5459944ad784e5699c,
        type: 3}
      propertyPath: m_RootOrder
      value: 3
      objectReference: {fileID: 0}
    - target: {fileID: 2436605624525294923, guid: 9cee2b426437ee5459944ad784e5699c,
        type: 3}
      propertyPath: m_LocalEulerAnglesHint.x
      value: 0
      objectReference: {fileID: 0}
    - target: {fileID: 2436605624525294923, guid: 9cee2b426437ee5459944ad784e5699c,
        type: 3}
      propertyPath: m_LocalEulerAnglesHint.y
      value: 144
      objectReference: {fileID: 0}
    - target: {fileID: 2436605624525294923, guid: 9cee2b426437ee5459944ad784e5699c,
        type: 3}
      propertyPath: m_LocalEulerAnglesHint.z
      value: 0
      objectReference: {fileID: 0}
    - target: {fileID: 9063573487910149859, guid: 9cee2b426437ee5459944ad784e5699c,
        type: 3}
      propertyPath: m_LocalPosition.x
      value: 0
      objectReference: {fileID: 0}
    - target: {fileID: 9063573487910149859, guid: 9cee2b426437ee5459944ad784e5699c,
        type: 3}
      propertyPath: m_LocalPosition.z
      value: -0.6877
      objectReference: {fileID: 0}
    - target: {fileID: 5572949036566683757, guid: 9cee2b426437ee5459944ad784e5699c,
        type: 3}
      propertyPath: m_IsActive
      value: 1
      objectReference: {fileID: 0}
    - target: {fileID: 6870237622219345768, guid: 9cee2b426437ee5459944ad784e5699c,
        type: 3}
      propertyPath: m_IsActive
      value: 1
      objectReference: {fileID: 0}
    - target: {fileID: 7314757279294857861, guid: 9cee2b426437ee5459944ad784e5699c,
        type: 3}
      propertyPath: m_IsActive
      value: 1
      objectReference: {fileID: 0}
    - target: {fileID: 485602022275564661, guid: 9cee2b426437ee5459944ad784e5699c,
        type: 3}
      propertyPath: m_IsActive
      value: 1
      objectReference: {fileID: 0}
    - target: {fileID: 1249196881027672983, guid: 9cee2b426437ee5459944ad784e5699c,
        type: 3}
      propertyPath: m_IsActive
      value: 1
      objectReference: {fileID: 0}
    - target: {fileID: 2205520969070000886, guid: 9cee2b426437ee5459944ad784e5699c,
        type: 3}
      propertyPath: m_IsActive
      value: 1
      objectReference: {fileID: 0}
    - target: {fileID: 2223624075955803925, guid: 9cee2b426437ee5459944ad784e5699c,
        type: 3}
      propertyPath: m_IsActive
      value: 1
      objectReference: {fileID: 0}
    - target: {fileID: 2261468083107282908, guid: 9cee2b426437ee5459944ad784e5699c,
        type: 3}
      propertyPath: m_IsActive
      value: 1
      objectReference: {fileID: 0}
    - target: {fileID: 4287009096055934419, guid: 9cee2b426437ee5459944ad784e5699c,
        type: 3}
      propertyPath: m_IsActive
      value: 1
      objectReference: {fileID: 0}
    - target: {fileID: 4270212244027450841, guid: 9cee2b426437ee5459944ad784e5699c,
        type: 3}
      propertyPath: m_IsActive
      value: 1
      objectReference: {fileID: 0}
    m_RemovedComponents: []
  m_SourcePrefab: {fileID: 100100000, guid: 9cee2b426437ee5459944ad784e5699c, type: 3}
--- !u!1001 &3044123344375025701
PrefabInstance:
  m_ObjectHideFlags: 0
  serializedVersion: 2
  m_Modification:
    m_TransformParent: {fileID: 7016662766223171496}
    m_Modifications:
    - target: {fileID: 2262309757959098572, guid: 9cee2b426437ee5459944ad784e5699c,
        type: 3}
      propertyPath: m_Name
      value: PentagonFaceFree (2)
      objectReference: {fileID: 0}
    - target: {fileID: 2436605624525294923, guid: 9cee2b426437ee5459944ad784e5699c,
        type: 3}
      propertyPath: m_LocalPosition.x
      value: 0.403
      objectReference: {fileID: 0}
    - target: {fileID: 2436605624525294923, guid: 9cee2b426437ee5459944ad784e5699c,
        type: 3}
      propertyPath: m_LocalPosition.y
      value: 0
      objectReference: {fileID: 0}
    - target: {fileID: 2436605624525294923, guid: 9cee2b426437ee5459944ad784e5699c,
        type: 3}
      propertyPath: m_LocalPosition.z
      value: -1.245
      objectReference: {fileID: 0}
    - target: {fileID: 2436605624525294923, guid: 9cee2b426437ee5459944ad784e5699c,
        type: 3}
      propertyPath: m_LocalRotation.x
      value: -0
      objectReference: {fileID: 0}
    - target: {fileID: 2436605624525294923, guid: 9cee2b426437ee5459944ad784e5699c,
        type: 3}
      propertyPath: m_LocalRotation.y
      value: -0.3090171
      objectReference: {fileID: 0}
    - target: {fileID: 2436605624525294923, guid: 9cee2b426437ee5459944ad784e5699c,
        type: 3}
      propertyPath: m_LocalRotation.z
      value: -0
      objectReference: {fileID: 0}
    - target: {fileID: 2436605624525294923, guid: 9cee2b426437ee5459944ad784e5699c,
        type: 3}
      propertyPath: m_LocalRotation.w
      value: 0.95105654
      objectReference: {fileID: 0}
    - target: {fileID: 2436605624525294923, guid: 9cee2b426437ee5459944ad784e5699c,
        type: 3}
      propertyPath: m_RootOrder
      value: 2
      objectReference: {fileID: 0}
    - target: {fileID: 2436605624525294923, guid: 9cee2b426437ee5459944ad784e5699c,
        type: 3}
      propertyPath: m_LocalEulerAnglesHint.x
      value: 0
      objectReference: {fileID: 0}
    - target: {fileID: 2436605624525294923, guid: 9cee2b426437ee5459944ad784e5699c,
        type: 3}
      propertyPath: m_LocalEulerAnglesHint.y
      value: -36
      objectReference: {fileID: 0}
    - target: {fileID: 2436605624525294923, guid: 9cee2b426437ee5459944ad784e5699c,
        type: 3}
      propertyPath: m_LocalEulerAnglesHint.z
      value: 0
      objectReference: {fileID: 0}
    - target: {fileID: 9063573487910149859, guid: 9cee2b426437ee5459944ad784e5699c,
        type: 3}
      propertyPath: m_LocalPosition.x
      value: 0
      objectReference: {fileID: 0}
    - target: {fileID: 9063573487910149859, guid: 9cee2b426437ee5459944ad784e5699c,
        type: 3}
      propertyPath: m_LocalPosition.z
      value: -0.6877
      objectReference: {fileID: 0}
    - target: {fileID: 5572949036566683757, guid: 9cee2b426437ee5459944ad784e5699c,
        type: 3}
      propertyPath: m_IsActive
      value: 1
      objectReference: {fileID: 0}
    - target: {fileID: 6870237622219345768, guid: 9cee2b426437ee5459944ad784e5699c,
        type: 3}
      propertyPath: m_IsActive
      value: 1
      objectReference: {fileID: 0}
    - target: {fileID: 7314757279294857861, guid: 9cee2b426437ee5459944ad784e5699c,
        type: 3}
      propertyPath: m_IsActive
      value: 1
      objectReference: {fileID: 0}
    - target: {fileID: 485602022275564661, guid: 9cee2b426437ee5459944ad784e5699c,
        type: 3}
      propertyPath: m_IsActive
      value: 1
      objectReference: {fileID: 0}
    - target: {fileID: 1249196881027672983, guid: 9cee2b426437ee5459944ad784e5699c,
        type: 3}
      propertyPath: m_IsActive
      value: 1
      objectReference: {fileID: 0}
    - target: {fileID: 2205520969070000886, guid: 9cee2b426437ee5459944ad784e5699c,
        type: 3}
      propertyPath: m_IsActive
      value: 1
      objectReference: {fileID: 0}
    - target: {fileID: 2223624075955803925, guid: 9cee2b426437ee5459944ad784e5699c,
        type: 3}
      propertyPath: m_IsActive
      value: 1
      objectReference: {fileID: 0}
    - target: {fileID: 2261468083107282908, guid: 9cee2b426437ee5459944ad784e5699c,
        type: 3}
      propertyPath: m_IsActive
      value: 1
      objectReference: {fileID: 0}
    - target: {fileID: 4287009096055934419, guid: 9cee2b426437ee5459944ad784e5699c,
        type: 3}
      propertyPath: m_IsActive
      value: 1
      objectReference: {fileID: 0}
    - target: {fileID: 4270212244027450841, guid: 9cee2b426437ee5459944ad784e5699c,
        type: 3}
      propertyPath: m_IsActive
      value: 1
      objectReference: {fileID: 0}
    m_RemovedComponents: []
  m_SourcePrefab: {fileID: 100100000, guid: 9cee2b426437ee5459944ad784e5699c, type: 3}
--- !u!1001 &4168575026031454770
PrefabInstance:
  m_ObjectHideFlags: 0
  serializedVersion: 2
  m_Modification:
    m_TransformParent: {fileID: 3119097066301605600}
    m_Modifications:
    - target: {fileID: 2262309757959098572, guid: 9cee2b426437ee5459944ad784e5699c,
        type: 3}
      propertyPath: m_Name
      value: PentagonFaceFree (9)
      objectReference: {fileID: 0}
    - target: {fileID: 2436605624525294923, guid: 9cee2b426437ee5459944ad784e5699c,
        type: 3}
      propertyPath: m_LocalPosition.x
      value: 0.65391284
      objectReference: {fileID: 0}
    - target: {fileID: 2436605624525294923, guid: 9cee2b426437ee5459944ad784e5699c,
        type: 3}
      propertyPath: m_LocalPosition.y
      value: 0
      objectReference: {fileID: 0}
    - target: {fileID: 2436605624525294923, guid: 9cee2b426437ee5459944ad784e5699c,
        type: 3}
      propertyPath: m_LocalPosition.z
      value: -0.4750827
      objectReference: {fileID: 0}
    - target: {fileID: 2436605624525294923, guid: 9cee2b426437ee5459944ad784e5699c,
        type: 3}
      propertyPath: m_LocalRotation.x
      value: -0
      objectReference: {fileID: 0}
    - target: {fileID: 2436605624525294923, guid: 9cee2b426437ee5459944ad784e5699c,
        type: 3}
      propertyPath: m_LocalRotation.y
      value: -0.80901694
      objectReference: {fileID: 0}
    - target: {fileID: 2436605624525294923, guid: 9cee2b426437ee5459944ad784e5699c,
        type: 3}
      propertyPath: m_LocalRotation.z
      value: -0
      objectReference: {fileID: 0}
    - target: {fileID: 2436605624525294923, guid: 9cee2b426437ee5459944ad784e5699c,
        type: 3}
      propertyPath: m_LocalRotation.w
      value: 0.5877853
      objectReference: {fileID: 0}
    - target: {fileID: 2436605624525294923, guid: 9cee2b426437ee5459944ad784e5699c,
        type: 3}
      propertyPath: m_RootOrder
      value: 2
      objectReference: {fileID: 0}
    - target: {fileID: 2436605624525294923, guid: 9cee2b426437ee5459944ad784e5699c,
        type: 3}
      propertyPath: m_LocalEulerAnglesHint.x
      value: 0
      objectReference: {fileID: 0}
    - target: {fileID: 2436605624525294923, guid: 9cee2b426437ee5459944ad784e5699c,
        type: 3}
      propertyPath: m_LocalEulerAnglesHint.y
      value: 0
      objectReference: {fileID: 0}
    - target: {fileID: 2436605624525294923, guid: 9cee2b426437ee5459944ad784e5699c,
        type: 3}
      propertyPath: m_LocalEulerAnglesHint.z
      value: 0
      objectReference: {fileID: 0}
    - target: {fileID: 9063573487910149859, guid: 9cee2b426437ee5459944ad784e5699c,
        type: 3}
      propertyPath: m_LocalPosition.x
      value: 0
      objectReference: {fileID: 0}
    - target: {fileID: 9063573487910149859, guid: 9cee2b426437ee5459944ad784e5699c,
        type: 3}
      propertyPath: m_LocalPosition.z
      value: -0.6877
      objectReference: {fileID: 0}
    - target: {fileID: 5572949036566683757, guid: 9cee2b426437ee5459944ad784e5699c,
        type: 3}
      propertyPath: m_IsActive
      value: 1
      objectReference: {fileID: 0}
    - target: {fileID: 6870237622219345768, guid: 9cee2b426437ee5459944ad784e5699c,
        type: 3}
      propertyPath: m_IsActive
      value: 1
      objectReference: {fileID: 0}
    - target: {fileID: 7314757279294857861, guid: 9cee2b426437ee5459944ad784e5699c,
        type: 3}
      propertyPath: m_IsActive
      value: 1
      objectReference: {fileID: 0}
    - target: {fileID: 485602022275564661, guid: 9cee2b426437ee5459944ad784e5699c,
        type: 3}
      propertyPath: m_IsActive
      value: 1
      objectReference: {fileID: 0}
    - target: {fileID: 1249196881027672983, guid: 9cee2b426437ee5459944ad784e5699c,
        type: 3}
      propertyPath: m_IsActive
      value: 1
      objectReference: {fileID: 0}
    - target: {fileID: 2205520969070000886, guid: 9cee2b426437ee5459944ad784e5699c,
        type: 3}
      propertyPath: m_IsActive
      value: 1
      objectReference: {fileID: 0}
    - target: {fileID: 2223624075955803925, guid: 9cee2b426437ee5459944ad784e5699c,
        type: 3}
      propertyPath: m_IsActive
      value: 1
      objectReference: {fileID: 0}
    - target: {fileID: 2261468083107282908, guid: 9cee2b426437ee5459944ad784e5699c,
        type: 3}
      propertyPath: m_IsActive
      value: 1
      objectReference: {fileID: 0}
    - target: {fileID: 4287009096055934419, guid: 9cee2b426437ee5459944ad784e5699c,
        type: 3}
      propertyPath: m_IsActive
      value: 1
      objectReference: {fileID: 0}
    - target: {fileID: 4270212244027450841, guid: 9cee2b426437ee5459944ad784e5699c,
        type: 3}
      propertyPath: m_IsActive
      value: 1
      objectReference: {fileID: 0}
    m_RemovedComponents: []
  m_SourcePrefab: {fileID: 100100000, guid: 9cee2b426437ee5459944ad784e5699c, type: 3}
--- !u!1001 &4661435053224334051
PrefabInstance:
  m_ObjectHideFlags: 0
  serializedVersion: 2
  m_Modification:
    m_TransformParent: {fileID: 8762247872466127885}
    m_Modifications:
    - target: {fileID: 2262309757959098572, guid: 9cee2b426437ee5459944ad784e5699c,
        type: 3}
      propertyPath: m_Name
      value: PentagonFaceFree
      objectReference: {fileID: 0}
    - target: {fileID: 2436605624525294923, guid: 9cee2b426437ee5459944ad784e5699c,
        type: 3}
      propertyPath: m_LocalPosition.x
      value: 0.2
      objectReference: {fileID: 0}
    - target: {fileID: 2436605624525294923, guid: 9cee2b426437ee5459944ad784e5699c,
        type: 3}
      propertyPath: m_LocalPosition.y
      value: -1
      objectReference: {fileID: 0}
    - target: {fileID: 2436605624525294923, guid: 9cee2b426437ee5459944ad784e5699c,
        type: 3}
      propertyPath: m_LocalPosition.z
      value: 0.5
      objectReference: {fileID: 0}
    - target: {fileID: 2436605624525294923, guid: 9cee2b426437ee5459944ad784e5699c,
        type: 3}
      propertyPath: m_LocalRotation.x
      value: -0
      objectReference: {fileID: 0}
    - target: {fileID: 2436605624525294923, guid: 9cee2b426437ee5459944ad784e5699c,
        type: 3}
      propertyPath: m_LocalRotation.y
      value: -0
      objectReference: {fileID: 0}
    - target: {fileID: 2436605624525294923, guid: 9cee2b426437ee5459944ad784e5699c,
        type: 3}
      propertyPath: m_LocalRotation.z
      value: -0
      objectReference: {fileID: 0}
    - target: {fileID: 2436605624525294923, guid: 9cee2b426437ee5459944ad784e5699c,
        type: 3}
      propertyPath: m_LocalRotation.w
      value: 1
      objectReference: {fileID: 0}
    - target: {fileID: 2436605624525294923, guid: 9cee2b426437ee5459944ad784e5699c,
        type: 3}
      propertyPath: m_RootOrder
      value: 0
      objectReference: {fileID: 0}
    - target: {fileID: 2436605624525294923, guid: 9cee2b426437ee5459944ad784e5699c,
        type: 3}
      propertyPath: m_LocalEulerAnglesHint.x
      value: 0
      objectReference: {fileID: 0}
    - target: {fileID: 2436605624525294923, guid: 9cee2b426437ee5459944ad784e5699c,
        type: 3}
      propertyPath: m_LocalEulerAnglesHint.y
      value: 0
      objectReference: {fileID: 0}
    - target: {fileID: 2436605624525294923, guid: 9cee2b426437ee5459944ad784e5699c,
        type: 3}
      propertyPath: m_LocalEulerAnglesHint.z
      value: 0
      objectReference: {fileID: 0}
    - target: {fileID: 9063573487910149859, guid: 9cee2b426437ee5459944ad784e5699c,
        type: 3}
      propertyPath: m_LocalPosition.x
      value: 0
      objectReference: {fileID: 0}
    - target: {fileID: 9063573487910149859, guid: 9cee2b426437ee5459944ad784e5699c,
        type: 3}
      propertyPath: m_LocalPosition.z
      value: -0.6877
      objectReference: {fileID: 0}
    - target: {fileID: 5572949036566683757, guid: 9cee2b426437ee5459944ad784e5699c,
        type: 3}
      propertyPath: m_IsActive
      value: 1
      objectReference: {fileID: 0}
    - target: {fileID: 6870237622219345768, guid: 9cee2b426437ee5459944ad784e5699c,
        type: 3}
      propertyPath: m_IsActive
      value: 1
      objectReference: {fileID: 0}
    - target: {fileID: 7314757279294857861, guid: 9cee2b426437ee5459944ad784e5699c,
        type: 3}
      propertyPath: m_IsActive
      value: 1
      objectReference: {fileID: 0}
    - target: {fileID: 485602022275564661, guid: 9cee2b426437ee5459944ad784e5699c,
        type: 3}
      propertyPath: m_IsActive
      value: 1
      objectReference: {fileID: 0}
    - target: {fileID: 1249196881027672983, guid: 9cee2b426437ee5459944ad784e5699c,
        type: 3}
      propertyPath: m_IsActive
      value: 1
      objectReference: {fileID: 0}
    - target: {fileID: 2205520969070000886, guid: 9cee2b426437ee5459944ad784e5699c,
        type: 3}
      propertyPath: m_IsActive
      value: 1
      objectReference: {fileID: 0}
    - target: {fileID: 2223624075955803925, guid: 9cee2b426437ee5459944ad784e5699c,
        type: 3}
      propertyPath: m_IsActive
      value: 1
      objectReference: {fileID: 0}
    - target: {fileID: 2261468083107282908, guid: 9cee2b426437ee5459944ad784e5699c,
        type: 3}
      propertyPath: m_IsActive
      value: 1
      objectReference: {fileID: 0}
    - target: {fileID: 4287009096055934419, guid: 9cee2b426437ee5459944ad784e5699c,
        type: 3}
      propertyPath: m_IsActive
      value: 1
      objectReference: {fileID: 0}
    - target: {fileID: 4270212244027450841, guid: 9cee2b426437ee5459944ad784e5699c,
        type: 3}
      propertyPath: m_IsActive
      value: 1
      objectReference: {fileID: 0}
    m_RemovedComponents: []
  m_SourcePrefab: {fileID: 100100000, guid: 9cee2b426437ee5459944ad784e5699c, type: 3}
--- !u!4 &7016662766223171496 stripped
Transform:
  m_CorrespondingSourceObject: {fileID: 2436605624525294923, guid: 9cee2b426437ee5459944ad784e5699c,
    type: 3}
  m_PrefabInstance: {fileID: 4661435053224334051}
  m_PrefabAsset: {fileID: 0}
--- !u!1001 &4676661445632879190
PrefabInstance:
  m_ObjectHideFlags: 0
  serializedVersion: 2
  m_Modification:
    m_TransformParent: {fileID: 3119097066301605600}
    m_Modifications:
    - target: {fileID: 2262309757959098572, guid: 9cee2b426437ee5459944ad784e5699c,
        type: 3}
      propertyPath: m_Name
      value: PentagonFaceFree (8)
      objectReference: {fileID: 0}
    - target: {fileID: 2436605624525294923, guid: 9cee2b426437ee5459944ad784e5699c,
        type: 3}
      propertyPath: m_LocalPosition.x
      value: 0.40425795
      objectReference: {fileID: 0}
    - target: {fileID: 2436605624525294923, guid: 9cee2b426437ee5459944ad784e5699c,
        type: 3}
      propertyPath: m_LocalPosition.y
      value: 0
      objectReference: {fileID: 0}
    - target: {fileID: 2436605624525294923, guid: 9cee2b426437ee5459944ad784e5699c,
        type: 3}
      propertyPath: m_LocalPosition.z
      value: -1.2438558
      objectReference: {fileID: 0}
    - target: {fileID: 2436605624525294923, guid: 9cee2b426437ee5459944ad784e5699c,
        type: 3}
      propertyPath: m_LocalRotation.x
      value: -0
      objectReference: {fileID: 0}
    - target: {fileID: 2436605624525294923, guid: 9cee2b426437ee5459944ad784e5699c,
        type: 3}
      propertyPath: m_LocalRotation.y
      value: -0.30901697
      objectReference: {fileID: 0}
    - target: {fileID: 2436605624525294923, guid: 9cee2b426437ee5459944ad784e5699c,
        type: 3}
      propertyPath: m_LocalRotation.z
      value: -0
      objectReference: {fileID: 0}
    - target: {fileID: 2436605624525294923, guid: 9cee2b426437ee5459944ad784e5699c,
        type: 3}
      propertyPath: m_LocalRotation.w
      value: 0.95105654
      objectReference: {fileID: 0}
    - target: {fileID: 2436605624525294923, guid: 9cee2b426437ee5459944ad784e5699c,
        type: 3}
      propertyPath: m_RootOrder
      value: 1
      objectReference: {fileID: 0}
    - target: {fileID: 2436605624525294923, guid: 9cee2b426437ee5459944ad784e5699c,
        type: 3}
      propertyPath: m_LocalEulerAnglesHint.x
      value: 0
      objectReference: {fileID: 0}
    - target: {fileID: 2436605624525294923, guid: 9cee2b426437ee5459944ad784e5699c,
        type: 3}
      propertyPath: m_LocalEulerAnglesHint.y
      value: 72
      objectReference: {fileID: 0}
    - target: {fileID: 2436605624525294923, guid: 9cee2b426437ee5459944ad784e5699c,
        type: 3}
      propertyPath: m_LocalEulerAnglesHint.z
      value: 0
      objectReference: {fileID: 0}
    - target: {fileID: 9063573487910149859, guid: 9cee2b426437ee5459944ad784e5699c,
        type: 3}
      propertyPath: m_LocalPosition.x
      value: 0
      objectReference: {fileID: 0}
    - target: {fileID: 9063573487910149859, guid: 9cee2b426437ee5459944ad784e5699c,
        type: 3}
      propertyPath: m_LocalPosition.z
      value: -0.6877
      objectReference: {fileID: 0}
    - target: {fileID: 5572949036566683757, guid: 9cee2b426437ee5459944ad784e5699c,
        type: 3}
      propertyPath: m_IsActive
      value: 1
      objectReference: {fileID: 0}
    - target: {fileID: 6870237622219345768, guid: 9cee2b426437ee5459944ad784e5699c,
        type: 3}
      propertyPath: m_IsActive
      value: 1
      objectReference: {fileID: 0}
    - target: {fileID: 7314757279294857861, guid: 9cee2b426437ee5459944ad784e5699c,
        type: 3}
      propertyPath: m_IsActive
      value: 1
      objectReference: {fileID: 0}
    - target: {fileID: 485602022275564661, guid: 9cee2b426437ee5459944ad784e5699c,
        type: 3}
      propertyPath: m_IsActive
      value: 1
      objectReference: {fileID: 0}
    - target: {fileID: 1249196881027672983, guid: 9cee2b426437ee5459944ad784e5699c,
        type: 3}
      propertyPath: m_IsActive
      value: 1
      objectReference: {fileID: 0}
    - target: {fileID: 2205520969070000886, guid: 9cee2b426437ee5459944ad784e5699c,
        type: 3}
      propertyPath: m_IsActive
      value: 1
      objectReference: {fileID: 0}
    - target: {fileID: 2223624075955803925, guid: 9cee2b426437ee5459944ad784e5699c,
        type: 3}
      propertyPath: m_IsActive
      value: 1
      objectReference: {fileID: 0}
    - target: {fileID: 2261468083107282908, guid: 9cee2b426437ee5459944ad784e5699c,
        type: 3}
      propertyPath: m_IsActive
      value: 1
      objectReference: {fileID: 0}
    - target: {fileID: 4287009096055934419, guid: 9cee2b426437ee5459944ad784e5699c,
        type: 3}
      propertyPath: m_IsActive
      value: 1
      objectReference: {fileID: 0}
    - target: {fileID: 4270212244027450841, guid: 9cee2b426437ee5459944ad784e5699c,
        type: 3}
      propertyPath: m_IsActive
      value: 1
      objectReference: {fileID: 0}
    m_RemovedComponents: []
  m_SourcePrefab: {fileID: 100100000, guid: 9cee2b426437ee5459944ad784e5699c, type: 3}
--- !u!1001 &5493996647923851186
PrefabInstance:
  m_ObjectHideFlags: 0
  serializedVersion: 2
  m_Modification:
    m_TransformParent: {fileID: 7016662766223171496}
    m_Modifications:
    - target: {fileID: 2262309757959098572, guid: 9cee2b426437ee5459944ad784e5699c,
        type: 3}
      propertyPath: m_Name
      value: PentagonFaceFree (3)
      objectReference: {fileID: 0}
    - target: {fileID: 2436605624525294923, guid: 9cee2b426437ee5459944ad784e5699c,
        type: 3}
      propertyPath: m_LocalPosition.x
      value: -0.4049
      objectReference: {fileID: 0}
    - target: {fileID: 2436605624525294923, guid: 9cee2b426437ee5459944ad784e5699c,
        type: 3}
      propertyPath: m_LocalPosition.y
      value: 0
      objectReference: {fileID: 0}
    - target: {fileID: 2436605624525294923, guid: 9cee2b426437ee5459944ad784e5699c,
        type: 3}
      propertyPath: m_LocalPosition.z
      value: -1.2436
      objectReference: {fileID: 0}
    - target: {fileID: 2436605624525294923, guid: 9cee2b426437ee5459944ad784e5699c,
        type: 3}
      propertyPath: m_LocalRotation.x
      value: -0
      objectReference: {fileID: 0}
    - target: {fileID: 2436605624525294923, guid: 9cee2b426437ee5459944ad784e5699c,
        type: 3}
      propertyPath: m_LocalRotation.y
      value: 0.309017
      objectReference: {fileID: 0}
    - target: {fileID: 2436605624525294923, guid: 9cee2b426437ee5459944ad784e5699c,
        type: 3}
      propertyPath: m_LocalRotation.z
      value: -0
      objectReference: {fileID: 0}
    - target: {fileID: 2436605624525294923, guid: 9cee2b426437ee5459944ad784e5699c,
        type: 3}
      propertyPath: m_LocalRotation.w
      value: 0.95105654
      objectReference: {fileID: 0}
    - target: {fileID: 2436605624525294923, guid: 9cee2b426437ee5459944ad784e5699c,
        type: 3}
      propertyPath: m_RootOrder
      value: 5
      objectReference: {fileID: 0}
    - target: {fileID: 2436605624525294923, guid: 9cee2b426437ee5459944ad784e5699c,
        type: 3}
      propertyPath: m_LocalEulerAnglesHint.x
      value: 0
      objectReference: {fileID: 0}
    - target: {fileID: 2436605624525294923, guid: 9cee2b426437ee5459944ad784e5699c,
        type: 3}
      propertyPath: m_LocalEulerAnglesHint.y
      value: 36
      objectReference: {fileID: 0}
    - target: {fileID: 2436605624525294923, guid: 9cee2b426437ee5459944ad784e5699c,
        type: 3}
      propertyPath: m_LocalEulerAnglesHint.z
      value: 0
      objectReference: {fileID: 0}
    - target: {fileID: 9063573487910149859, guid: 9cee2b426437ee5459944ad784e5699c,
        type: 3}
      propertyPath: m_LocalPosition.x
      value: 0
      objectReference: {fileID: 0}
    - target: {fileID: 9063573487910149859, guid: 9cee2b426437ee5459944ad784e5699c,
        type: 3}
      propertyPath: m_LocalPosition.z
      value: -0.6877
      objectReference: {fileID: 0}
    - target: {fileID: 5572949036566683757, guid: 9cee2b426437ee5459944ad784e5699c,
        type: 3}
      propertyPath: m_IsActive
      value: 1
      objectReference: {fileID: 0}
    - target: {fileID: 6870237622219345768, guid: 9cee2b426437ee5459944ad784e5699c,
        type: 3}
      propertyPath: m_IsActive
      value: 1
      objectReference: {fileID: 0}
    - target: {fileID: 7314757279294857861, guid: 9cee2b426437ee5459944ad784e5699c,
        type: 3}
      propertyPath: m_IsActive
      value: 1
      objectReference: {fileID: 0}
    - target: {fileID: 485602022275564661, guid: 9cee2b426437ee5459944ad784e5699c,
        type: 3}
      propertyPath: m_IsActive
      value: 1
      objectReference: {fileID: 0}
    - target: {fileID: 1249196881027672983, guid: 9cee2b426437ee5459944ad784e5699c,
        type: 3}
      propertyPath: m_IsActive
      value: 1
      objectReference: {fileID: 0}
    - target: {fileID: 2205520969070000886, guid: 9cee2b426437ee5459944ad784e5699c,
        type: 3}
      propertyPath: m_IsActive
      value: 1
      objectReference: {fileID: 0}
    - target: {fileID: 2223624075955803925, guid: 9cee2b426437ee5459944ad784e5699c,
        type: 3}
      propertyPath: m_IsActive
      value: 1
      objectReference: {fileID: 0}
    - target: {fileID: 2261468083107282908, guid: 9cee2b426437ee5459944ad784e5699c,
        type: 3}
      propertyPath: m_IsActive
      value: 1
      objectReference: {fileID: 0}
    - target: {fileID: 4287009096055934419, guid: 9cee2b426437ee5459944ad784e5699c,
        type: 3}
      propertyPath: m_IsActive
      value: 1
      objectReference: {fileID: 0}
    - target: {fileID: 4270212244027450841, guid: 9cee2b426437ee5459944ad784e5699c,
        type: 3}
      propertyPath: m_IsActive
      value: 1
      objectReference: {fileID: 0}
    m_RemovedComponents: []
  m_SourcePrefab: {fileID: 100100000, guid: 9cee2b426437ee5459944ad784e5699c, type: 3}
--- !u!4 &7921294290175431417 stripped
Transform:
  m_CorrespondingSourceObject: {fileID: 2436605624525294923, guid: 9cee2b426437ee5459944ad784e5699c,
    type: 3}
  m_PrefabInstance: {fileID: 5493996647923851186}
  m_PrefabAsset: {fileID: 0}
--- !u!1001 &6930091286097875456
PrefabInstance:
  m_ObjectHideFlags: 0
  serializedVersion: 2
  m_Modification:
    m_TransformParent: {fileID: 7016662766223171496}
    m_Modifications:
    - target: {fileID: 2262309757959098572, guid: 9cee2b426437ee5459944ad784e5699c,
        type: 3}
      propertyPath: m_Name
      value: PentagonFaceFree (1)
      objectReference: {fileID: 0}
    - target: {fileID: 2436605624525294923, guid: 9cee2b426437ee5459944ad784e5699c,
        type: 3}
      propertyPath: m_LocalPosition.x
      value: 0
      objectReference: {fileID: 0}
    - target: {fileID: 2436605624525294923, guid: 9cee2b426437ee5459944ad784e5699c,
        type: 3}
      propertyPath: m_LocalPosition.y
      value: 0
      objectReference: {fileID: 0}
    - target: {fileID: 2436605624525294923, guid: 9cee2b426437ee5459944ad784e5699c,
        type: 3}
      propertyPath: m_LocalPosition.z
      value: 0
      objectReference: {fileID: 0}
    - target: {fileID: 2436605624525294923, guid: 9cee2b426437ee5459944ad784e5699c,
        type: 3}
      propertyPath: m_LocalRotation.x
      value: -0
      objectReference: {fileID: 0}
    - target: {fileID: 2436605624525294923, guid: 9cee2b426437ee5459944ad784e5699c,
        type: 3}
      propertyPath: m_LocalRotation.y
      value: -1
      objectReference: {fileID: 0}
    - target: {fileID: 2436605624525294923, guid: 9cee2b426437ee5459944ad784e5699c,
        type: 3}
      propertyPath: m_LocalRotation.z
      value: -0
      objectReference: {fileID: 0}
    - target: {fileID: 2436605624525294923, guid: 9cee2b426437ee5459944ad784e5699c,
        type: 3}
      propertyPath: m_LocalRotation.w
      value: 0
      objectReference: {fileID: 0}
    - target: {fileID: 2436605624525294923, guid: 9cee2b426437ee5459944ad784e5699c,
        type: 3}
      propertyPath: m_RootOrder
      value: 1
      objectReference: {fileID: 0}
    - target: {fileID: 2436605624525294923, guid: 9cee2b426437ee5459944ad784e5699c,
        type: 3}
      propertyPath: m_LocalEulerAnglesHint.x
      value: 0
      objectReference: {fileID: 0}
    - target: {fileID: 2436605624525294923, guid: 9cee2b426437ee5459944ad784e5699c,
        type: 3}
      propertyPath: m_LocalEulerAnglesHint.y
      value: -180
      objectReference: {fileID: 0}
    - target: {fileID: 2436605624525294923, guid: 9cee2b426437ee5459944ad784e5699c,
        type: 3}
      propertyPath: m_LocalEulerAnglesHint.z
      value: 0
      objectReference: {fileID: 0}
    - target: {fileID: 9063573487910149859, guid: 9cee2b426437ee5459944ad784e5699c,
        type: 3}
      propertyPath: m_LocalPosition.x
      value: 0
      objectReference: {fileID: 0}
    - target: {fileID: 9063573487910149859, guid: 9cee2b426437ee5459944ad784e5699c,
        type: 3}
      propertyPath: m_LocalPosition.z
      value: -0.6877
      objectReference: {fileID: 0}
    - target: {fileID: 5572949036566683757, guid: 9cee2b426437ee5459944ad784e5699c,
        type: 3}
      propertyPath: m_IsActive
      value: 1
      objectReference: {fileID: 0}
    - target: {fileID: 6870237622219345768, guid: 9cee2b426437ee5459944ad784e5699c,
        type: 3}
      propertyPath: m_IsActive
      value: 1
      objectReference: {fileID: 0}
    - target: {fileID: 7314757279294857861, guid: 9cee2b426437ee5459944ad784e5699c,
        type: 3}
      propertyPath: m_IsActive
      value: 1
      objectReference: {fileID: 0}
    - target: {fileID: 485602022275564661, guid: 9cee2b426437ee5459944ad784e5699c,
        type: 3}
      propertyPath: m_IsActive
      value: 1
      objectReference: {fileID: 0}
    - target: {fileID: 1249196881027672983, guid: 9cee2b426437ee5459944ad784e5699c,
        type: 3}
      propertyPath: m_IsActive
      value: 1
      objectReference: {fileID: 0}
    - target: {fileID: 2205520969070000886, guid: 9cee2b426437ee5459944ad784e5699c,
        type: 3}
      propertyPath: m_IsActive
      value: 1
      objectReference: {fileID: 0}
    - target: {fileID: 2223624075955803925, guid: 9cee2b426437ee5459944ad784e5699c,
        type: 3}
      propertyPath: m_IsActive
      value: 1
      objectReference: {fileID: 0}
    - target: {fileID: 2261468083107282908, guid: 9cee2b426437ee5459944ad784e5699c,
        type: 3}
      propertyPath: m_IsActive
      value: 1
      objectReference: {fileID: 0}
    - target: {fileID: 4287009096055934419, guid: 9cee2b426437ee5459944ad784e5699c,
        type: 3}
      propertyPath: m_IsActive
      value: 1
      objectReference: {fileID: 0}
    - target: {fileID: 4270212244027450841, guid: 9cee2b426437ee5459944ad784e5699c,
        type: 3}
      propertyPath: m_IsActive
      value: 1
      objectReference: {fileID: 0}
    m_RemovedComponents: []
  m_SourcePrefab: {fileID: 100100000, guid: 9cee2b426437ee5459944ad784e5699c, type: 3}
--- !u!1001 &7566265653114368057
PrefabInstance:
  m_ObjectHideFlags: 0
  serializedVersion: 2
  m_Modification:
    m_TransformParent: {fileID: 7016662766223171496}
    m_Modifications:
    - target: {fileID: 2262309757959098572, guid: 9cee2b426437ee5459944ad784e5699c,
        type: 3}
      propertyPath: m_Name
      value: PentagonFaceFree (5)
      objectReference: {fileID: 0}
    - target: {fileID: 2436605624525294923, guid: 9cee2b426437ee5459944ad784e5699c,
        type: 3}
      propertyPath: m_LocalPosition.x
      value: -0.654
      objectReference: {fileID: 0}
    - target: {fileID: 2436605624525294923, guid: 9cee2b426437ee5459944ad784e5699c,
        type: 3}
      propertyPath: m_LocalPosition.y
      value: 0
      objectReference: {fileID: 0}
    - target: {fileID: 2436605624525294923, guid: 9cee2b426437ee5459944ad784e5699c,
        type: 3}
      propertyPath: m_LocalPosition.z
      value: -0.475
      objectReference: {fileID: 0}
    - target: {fileID: 2436605624525294923, guid: 9cee2b426437ee5459944ad784e5699c,
        type: 3}
      propertyPath: m_LocalRotation.x
      value: -0
      objectReference: {fileID: 0}
    - target: {fileID: 2436605624525294923, guid: 9cee2b426437ee5459944ad784e5699c,
        type: 3}
      propertyPath: m_LocalRotation.y
      value: 0.80901694
      objectReference: {fileID: 0}
    - target: {fileID: 2436605624525294923, guid: 9cee2b426437ee5459944ad784e5699c,
        type: 3}
      propertyPath: m_LocalRotation.z
      value: -0
      objectReference: {fileID: 0}
    - target: {fileID: 2436605624525294923, guid: 9cee2b426437ee5459944ad784e5699c,
        type: 3}
      propertyPath: m_LocalRotation.w
      value: 0.5877853
      objectReference: {fileID: 0}
    - target: {fileID: 2436605624525294923, guid: 9cee2b426437ee5459944ad784e5699c,
        type: 3}
      propertyPath: m_RootOrder
      value: 4
      objectReference: {fileID: 0}
    - target: {fileID: 2436605624525294923, guid: 9cee2b426437ee5459944ad784e5699c,
        type: 3}
      propertyPath: m_LocalEulerAnglesHint.x
      value: 0
      objectReference: {fileID: 0}
    - target: {fileID: 2436605624525294923, guid: 9cee2b426437ee5459944ad784e5699c,
        type: 3}
      propertyPath: m_LocalEulerAnglesHint.y
      value: 108
      objectReference: {fileID: 0}
    - target: {fileID: 2436605624525294923, guid: 9cee2b426437ee5459944ad784e5699c,
        type: 3}
      propertyPath: m_LocalEulerAnglesHint.z
      value: 0
      objectReference: {fileID: 0}
    - target: {fileID: 9063573487910149859, guid: 9cee2b426437ee5459944ad784e5699c,
        type: 3}
      propertyPath: m_LocalPosition.x
      value: 0
      objectReference: {fileID: 0}
    - target: {fileID: 9063573487910149859, guid: 9cee2b426437ee5459944ad784e5699c,
        type: 3}
      propertyPath: m_LocalPosition.z
      value: -0.6877
      objectReference: {fileID: 0}
    - target: {fileID: 5572949036566683757, guid: 9cee2b426437ee5459944ad784e5699c,
        type: 3}
      propertyPath: m_IsActive
      value: 1
      objectReference: {fileID: 0}
    - target: {fileID: 6870237622219345768, guid: 9cee2b426437ee5459944ad784e5699c,
        type: 3}
      propertyPath: m_IsActive
      value: 1
      objectReference: {fileID: 0}
    - target: {fileID: 7314757279294857861, guid: 9cee2b426437ee5459944ad784e5699c,
        type: 3}
      propertyPath: m_IsActive
      value: 1
      objectReference: {fileID: 0}
    - target: {fileID: 485602022275564661, guid: 9cee2b426437ee5459944ad784e5699c,
        type: 3}
      propertyPath: m_IsActive
      value: 1
      objectReference: {fileID: 0}
    - target: {fileID: 1249196881027672983, guid: 9cee2b426437ee5459944ad784e5699c,
        type: 3}
      propertyPath: m_IsActive
      value: 1
      objectReference: {fileID: 0}
    - target: {fileID: 2205520969070000886, guid: 9cee2b426437ee5459944ad784e5699c,
        type: 3}
      propertyPath: m_IsActive
      value: 1
      objectReference: {fileID: 0}
    - target: {fileID: 2223624075955803925, guid: 9cee2b426437ee5459944ad784e5699c,
        type: 3}
      propertyPath: m_IsActive
      value: 1
      objectReference: {fileID: 0}
    - target: {fileID: 2261468083107282908, guid: 9cee2b426437ee5459944ad784e5699c,
        type: 3}
      propertyPath: m_IsActive
      value: 1
      objectReference: {fileID: 0}
    - target: {fileID: 4287009096055934419, guid: 9cee2b426437ee5459944ad784e5699c,
        type: 3}
      propertyPath: m_IsActive
      value: 1
      objectReference: {fileID: 0}
    - target: {fileID: 4270212244027450841, guid: 9cee2b426437ee5459944ad784e5699c,
        type: 3}
      propertyPath: m_IsActive
      value: 1
      objectReference: {fileID: 0}
    m_RemovedComponents: []
  m_SourcePrefab: {fileID: 100100000, guid: 9cee2b426437ee5459944ad784e5699c, type: 3}
--- !u!1001 &7631347729161367207
PrefabInstance:
  m_ObjectHideFlags: 0
  serializedVersion: 2
  m_Modification:
    m_TransformParent: {fileID: 7921294290175431417}
    m_Modifications:
    - target: {fileID: 2262309757959098572, guid: 9cee2b426437ee5459944ad784e5699c,
        type: 3}
      propertyPath: m_Name
      value: PentagonFaceFree (6)
      objectReference: {fileID: 0}
    - target: {fileID: 2436605624525294923, guid: 9cee2b426437ee5459944ad784e5699c,
        type: 3}
      propertyPath: m_LocalPosition.x
      value: -0.4039332
      objectReference: {fileID: 0}
    - target: {fileID: 2436605624525294923, guid: 9cee2b426437ee5459944ad784e5699c,
        type: 3}
      propertyPath: m_LocalPosition.y
      value: 0
      objectReference: {fileID: 0}
    - target: {fileID: 2436605624525294923, guid: 9cee2b426437ee5459944ad784e5699c,
        type: 3}
      propertyPath: m_LocalPosition.z
      value: -1.2440108
      objectReference: {fileID: 0}
    - target: {fileID: 2436605624525294923, guid: 9cee2b426437ee5459944ad784e5699c,
        type: 3}
      propertyPath: m_LocalRotation.x
      value: -0
      objectReference: {fileID: 0}
    - target: {fileID: 2436605624525294923, guid: 9cee2b426437ee5459944ad784e5699c,
        type: 3}
      propertyPath: m_LocalRotation.y
      value: 0.30901703
      objectReference: {fileID: 0}
    - target: {fileID: 2436605624525294923, guid: 9cee2b426437ee5459944ad784e5699c,
        type: 3}
      propertyPath: m_LocalRotation.z
      value: -0
      objectReference: {fileID: 0}
    - target: {fileID: 2436605624525294923, guid: 9cee2b426437ee5459944ad784e5699c,
        type: 3}
      propertyPath: m_LocalRotation.w
      value: 0.9510565
      objectReference: {fileID: 0}
    - target: {fileID: 2436605624525294923, guid: 9cee2b426437ee5459944ad784e5699c,
        type: 3}
      propertyPath: m_RootOrder
      value: 1
      objectReference: {fileID: 0}
    - target: {fileID: 2436605624525294923, guid: 9cee2b426437ee5459944ad784e5699c,
        type: 3}
      propertyPath: m_LocalEulerAnglesHint.x
      value: 0
      objectReference: {fileID: 0}
    - target: {fileID: 2436605624525294923, guid: 9cee2b426437ee5459944ad784e5699c,
        type: 3}
      propertyPath: m_LocalEulerAnglesHint.y
      value: 72
      objectReference: {fileID: 0}
    - target: {fileID: 2436605624525294923, guid: 9cee2b426437ee5459944ad784e5699c,
        type: 3}
      propertyPath: m_LocalEulerAnglesHint.z
      value: 0
      objectReference: {fileID: 0}
    - target: {fileID: 9063573487910149859, guid: 9cee2b426437ee5459944ad784e5699c,
        type: 3}
      propertyPath: m_LocalPosition.x
      value: 0
      objectReference: {fileID: 0}
    - target: {fileID: 9063573487910149859, guid: 9cee2b426437ee5459944ad784e5699c,
        type: 3}
      propertyPath: m_LocalPosition.z
      value: -0.6877
      objectReference: {fileID: 0}
    - target: {fileID: 5572949036566683757, guid: 9cee2b426437ee5459944ad784e5699c,
        type: 3}
      propertyPath: m_IsActive
      value: 1
      objectReference: {fileID: 0}
    - target: {fileID: 6870237622219345768, guid: 9cee2b426437ee5459944ad784e5699c,
        type: 3}
      propertyPath: m_IsActive
      value: 1
      objectReference: {fileID: 0}
    - target: {fileID: 7314757279294857861, guid: 9cee2b426437ee5459944ad784e5699c,
        type: 3}
      propertyPath: m_IsActive
      value: 1
      objectReference: {fileID: 0}
    - target: {fileID: 485602022275564661, guid: 9cee2b426437ee5459944ad784e5699c,
        type: 3}
      propertyPath: m_IsActive
      value: 1
      objectReference: {fileID: 0}
    - target: {fileID: 1249196881027672983, guid: 9cee2b426437ee5459944ad784e5699c,
        type: 3}
      propertyPath: m_IsActive
      value: 1
      objectReference: {fileID: 0}
    - target: {fileID: 2205520969070000886, guid: 9cee2b426437ee5459944ad784e5699c,
        type: 3}
      propertyPath: m_IsActive
      value: 1
      objectReference: {fileID: 0}
    - target: {fileID: 2223624075955803925, guid: 9cee2b426437ee5459944ad784e5699c,
        type: 3}
      propertyPath: m_IsActive
      value: 1
      objectReference: {fileID: 0}
    - target: {fileID: 2261468083107282908, guid: 9cee2b426437ee5459944ad784e5699c,
        type: 3}
      propertyPath: m_IsActive
      value: 1
      objectReference: {fileID: 0}
    - target: {fileID: 4287009096055934419, guid: 9cee2b426437ee5459944ad784e5699c,
        type: 3}
      propertyPath: m_IsActive
      value: 1
      objectReference: {fileID: 0}
    - target: {fileID: 4270212244027450841, guid: 9cee2b426437ee5459944ad784e5699c,
        type: 3}
      propertyPath: m_IsActive
      value: 1
      objectReference: {fileID: 0}
    m_RemovedComponents: []
  m_SourcePrefab: {fileID: 100100000, guid: 9cee2b426437ee5459944ad784e5699c, type: 3}
--- !u!4 &5203752913862206444 stripped
Transform:
  m_CorrespondingSourceObject: {fileID: 2436605624525294923, guid: 9cee2b426437ee5459944ad784e5699c,
    type: 3}
  m_PrefabInstance: {fileID: 7631347729161367207}
  m_PrefabAsset: {fileID: 0}
--- !u!1001 &7732984121013978854
PrefabInstance:
  m_ObjectHideFlags: 0
  serializedVersion: 2
  m_Modification:
    m_TransformParent: {fileID: 3119097066301605600}
    m_Modifications:
    - target: {fileID: 2262309757959098572, guid: 9cee2b426437ee5459944ad784e5699c,
        type: 3}
      propertyPath: m_Name
      value: PentagonFaceFree (11)
      objectReference: {fileID: 0}
    - target: {fileID: 2436605624525294923, guid: 9cee2b426437ee5459944ad784e5699c,
        type: 3}
      propertyPath: m_LocalPosition.x
      value: -0.40650573
      objectReference: {fileID: 0}
    - target: {fileID: 2436605624525294923, guid: 9cee2b426437ee5459944ad784e5699c,
        type: 3}
      propertyPath: m_LocalPosition.y
      value: 0
      objectReference: {fileID: 0}
    - target: {fileID: 2436605624525294923, guid: 9cee2b426437ee5459944ad784e5699c,
        type: 3}
      propertyPath: m_LocalPosition.z
      value: -1.242172
      objectReference: {fileID: 0}
    - target: {fileID: 2436605624525294923, guid: 9cee2b426437ee5459944ad784e5699c,
        type: 3}
      propertyPath: m_LocalRotation.x
      value: -0
      objectReference: {fileID: 0}
    - target: {fileID: 2436605624525294923, guid: 9cee2b426437ee5459944ad784e5699c,
        type: 3}
      propertyPath: m_LocalRotation.y
      value: 0.30901712
      objectReference: {fileID: 0}
    - target: {fileID: 2436605624525294923, guid: 9cee2b426437ee5459944ad784e5699c,
        type: 3}
      propertyPath: m_LocalRotation.z
      value: -0
      objectReference: {fileID: 0}
    - target: {fileID: 2436605624525294923, guid: 9cee2b426437ee5459944ad784e5699c,
        type: 3}
      propertyPath: m_LocalRotation.w
      value: 0.95105654
      objectReference: {fileID: 0}
    - target: {fileID: 2436605624525294923, guid: 9cee2b426437ee5459944ad784e5699c,
        type: 3}
      propertyPath: m_RootOrder
      value: 4
      objectReference: {fileID: 0}
    - target: {fileID: 2436605624525294923, guid: 9cee2b426437ee5459944ad784e5699c,
        type: 3}
      propertyPath: m_LocalEulerAnglesHint.x
      value: 0
      objectReference: {fileID: 0}
    - target: {fileID: 2436605624525294923, guid: 9cee2b426437ee5459944ad784e5699c,
        type: 3}
      propertyPath: m_LocalEulerAnglesHint.y
      value: 72
      objectReference: {fileID: 0}
    - target: {fileID: 2436605624525294923, guid: 9cee2b426437ee5459944ad784e5699c,
        type: 3}
      propertyPath: m_LocalEulerAnglesHint.z
      value: 0
      objectReference: {fileID: 0}
    - target: {fileID: 9063573487910149859, guid: 9cee2b426437ee5459944ad784e5699c,
        type: 3}
      propertyPath: m_LocalPosition.x
      value: 0
      objectReference: {fileID: 0}
    - target: {fileID: 9063573487910149859, guid: 9cee2b426437ee5459944ad784e5699c,
        type: 3}
      propertyPath: m_LocalPosition.z
      value: -0.6877
      objectReference: {fileID: 0}
    - target: {fileID: 5572949036566683757, guid: 9cee2b426437ee5459944ad784e5699c,
        type: 3}
      propertyPath: m_IsActive
      value: 1
      objectReference: {fileID: 0}
    - target: {fileID: 6870237622219345768, guid: 9cee2b426437ee5459944ad784e5699c,
        type: 3}
      propertyPath: m_IsActive
      value: 1
      objectReference: {fileID: 0}
    - target: {fileID: 7314757279294857861, guid: 9cee2b426437ee5459944ad784e5699c,
        type: 3}
      propertyPath: m_IsActive
      value: 1
      objectReference: {fileID: 0}
    - target: {fileID: 485602022275564661, guid: 9cee2b426437ee5459944ad784e5699c,
        type: 3}
      propertyPath: m_IsActive
      value: 1
      objectReference: {fileID: 0}
    - target: {fileID: 1249196881027672983, guid: 9cee2b426437ee5459944ad784e5699c,
        type: 3}
      propertyPath: m_IsActive
      value: 1
      objectReference: {fileID: 0}
    - target: {fileID: 2205520969070000886, guid: 9cee2b426437ee5459944ad784e5699c,
        type: 3}
      propertyPath: m_IsActive
      value: 1
      objectReference: {fileID: 0}
    - target: {fileID: 2223624075955803925, guid: 9cee2b426437ee5459944ad784e5699c,
        type: 3}
      propertyPath: m_IsActive
      value: 1
      objectReference: {fileID: 0}
    - target: {fileID: 2261468083107282908, guid: 9cee2b426437ee5459944ad784e5699c,
        type: 3}
      propertyPath: m_IsActive
      value: 1
      objectReference: {fileID: 0}
    - target: {fileID: 4287009096055934419, guid: 9cee2b426437ee5459944ad784e5699c,
        type: 3}
      propertyPath: m_IsActive
      value: 1
      objectReference: {fileID: 0}
    - target: {fileID: 4270212244027450841, guid: 9cee2b426437ee5459944ad784e5699c,
        type: 3}
      propertyPath: m_IsActive
      value: 1
      objectReference: {fileID: 0}
    m_RemovedComponents: []
  m_SourcePrefab: {fileID: 100100000, guid: 9cee2b426437ee5459944ad784e5699c, type: 3}
--- !u!1001 &8554138689052938445
PrefabInstance:
  m_ObjectHideFlags: 0
  serializedVersion: 2
  m_Modification:
    m_TransformParent: {fileID: 7016662766223171496}
    m_Modifications:
    - target: {fileID: 2262309757959098572, guid: 9cee2b426437ee5459944ad784e5699c,
        type: 3}
      propertyPath: m_Name
      value: PentagonFaceFree (4)
      objectReference: {fileID: 0}
    - target: {fileID: 2436605624525294923, guid: 9cee2b426437ee5459944ad784e5699c,
        type: 3}
      propertyPath: m_LocalPosition.x
      value: 0.654
      objectReference: {fileID: 0}
    - target: {fileID: 2436605624525294923, guid: 9cee2b426437ee5459944ad784e5699c,
        type: 3}
      propertyPath: m_LocalPosition.y
      value: 0
      objectReference: {fileID: 0}
    - target: {fileID: 2436605624525294923, guid: 9cee2b426437ee5459944ad784e5699c,
        type: 3}
      propertyPath: m_LocalPosition.z
      value: -0.475
      objectReference: {fileID: 0}
    - target: {fileID: 2436605624525294923, guid: 9cee2b426437ee5459944ad784e5699c,
        type: 3}
      propertyPath: m_LocalRotation.x
      value: -0
      objectReference: {fileID: 0}
    - target: {fileID: 2436605624525294923, guid: 9cee2b426437ee5459944ad784e5699c,
        type: 3}
      propertyPath: m_LocalRotation.y
      value: -0.80901694
      objectReference: {fileID: 0}
    - target: {fileID: 2436605624525294923, guid: 9cee2b426437ee5459944ad784e5699c,
        type: 3}
      propertyPath: m_LocalRotation.z
      value: -0
      objectReference: {fileID: 0}
    - target: {fileID: 2436605624525294923, guid: 9cee2b426437ee5459944ad784e5699c,
        type: 3}
      propertyPath: m_LocalRotation.w
      value: 0.58778536
      objectReference: {fileID: 0}
    - target: {fileID: 2436605624525294923, guid: 9cee2b426437ee5459944ad784e5699c,
        type: 3}
      propertyPath: m_RootOrder
      value: 3
      objectReference: {fileID: 0}
    - target: {fileID: 2436605624525294923, guid: 9cee2b426437ee5459944ad784e5699c,
        type: 3}
      propertyPath: m_LocalEulerAnglesHint.x
      value: 0
      objectReference: {fileID: 0}
    - target: {fileID: 2436605624525294923, guid: 9cee2b426437ee5459944ad784e5699c,
        type: 3}
      propertyPath: m_LocalEulerAnglesHint.y
      value: -108
      objectReference: {fileID: 0}
    - target: {fileID: 2436605624525294923, guid: 9cee2b426437ee5459944ad784e5699c,
        type: 3}
      propertyPath: m_LocalEulerAnglesHint.z
      value: 0
      objectReference: {fileID: 0}
    - target: {fileID: 9063573487910149859, guid: 9cee2b426437ee5459944ad784e5699c,
        type: 3}
      propertyPath: m_LocalPosition.x
      value: 0
      objectReference: {fileID: 0}
    - target: {fileID: 9063573487910149859, guid: 9cee2b426437ee5459944ad784e5699c,
        type: 3}
      propertyPath: m_LocalPosition.z
      value: -0.6877
      objectReference: {fileID: 0}
    - target: {fileID: 5572949036566683757, guid: 9cee2b426437ee5459944ad784e5699c,
        type: 3}
      propertyPath: m_IsActive
      value: 1
      objectReference: {fileID: 0}
    - target: {fileID: 6870237622219345768, guid: 9cee2b426437ee5459944ad784e5699c,
        type: 3}
      propertyPath: m_IsActive
      value: 1
      objectReference: {fileID: 0}
    - target: {fileID: 7314757279294857861, guid: 9cee2b426437ee5459944ad784e5699c,
        type: 3}
      propertyPath: m_IsActive
      value: 1
      objectReference: {fileID: 0}
    - target: {fileID: 485602022275564661, guid: 9cee2b426437ee5459944ad784e5699c,
        type: 3}
      propertyPath: m_IsActive
      value: 1
      objectReference: {fileID: 0}
    - target: {fileID: 1249196881027672983, guid: 9cee2b426437ee5459944ad784e5699c,
        type: 3}
      propertyPath: m_IsActive
      value: 1
      objectReference: {fileID: 0}
    - target: {fileID: 2205520969070000886, guid: 9cee2b426437ee5459944ad784e5699c,
        type: 3}
      propertyPath: m_IsActive
      value: 1
      objectReference: {fileID: 0}
    - target: {fileID: 2223624075955803925, guid: 9cee2b426437ee5459944ad784e5699c,
        type: 3}
      propertyPath: m_IsActive
      value: 1
      objectReference: {fileID: 0}
    - target: {fileID: 2261468083107282908, guid: 9cee2b426437ee5459944ad784e5699c,
        type: 3}
      propertyPath: m_IsActive
      value: 1
      objectReference: {fileID: 0}
    - target: {fileID: 4287009096055934419, guid: 9cee2b426437ee5459944ad784e5699c,
        type: 3}
      propertyPath: m_IsActive
      value: 1
      objectReference: {fileID: 0}
    - target: {fileID: 4270212244027450841, guid: 9cee2b426437ee5459944ad784e5699c,
        type: 3}
      propertyPath: m_IsActive
      value: 1
      objectReference: {fileID: 0}
    m_RemovedComponents: []
  m_SourcePrefab: {fileID: 100100000, guid: 9cee2b426437ee5459944ad784e5699c, type: 3}
--- !u!1001 &8874840705161936981
PrefabInstance:
  m_ObjectHideFlags: 0
  serializedVersion: 2
  m_Modification:
    m_TransformParent: {fileID: 115776741478452739}
    m_Modifications:
    - target: {fileID: 2265424663634278617, guid: 90fcb1f9682cd2540bedae525b15e131,
        type: 3}
      propertyPath: m_Name
      value: Interactable
      objectReference: {fileID: 0}
    - target: {fileID: 847080739605385098, guid: 90fcb1f9682cd2540bedae525b15e131,
        type: 3}
      propertyPath: m_LocalPosition.x
      value: 0
      objectReference: {fileID: 0}
    - target: {fileID: 847080739605385098, guid: 90fcb1f9682cd2540bedae525b15e131,
        type: 3}
      propertyPath: m_LocalPosition.y
      value: 0
      objectReference: {fileID: 0}
    - target: {fileID: 847080739605385098, guid: 90fcb1f9682cd2540bedae525b15e131,
        type: 3}
      propertyPath: m_LocalPosition.z
      value: 0
      objectReference: {fileID: 0}
    - target: {fileID: 847080739605385098, guid: 90fcb1f9682cd2540bedae525b15e131,
        type: 3}
      propertyPath: m_LocalRotation.x
      value: 0
      objectReference: {fileID: 0}
    - target: {fileID: 847080739605385098, guid: 90fcb1f9682cd2540bedae525b15e131,
        type: 3}
      propertyPath: m_LocalRotation.y
      value: 0
      objectReference: {fileID: 0}
    - target: {fileID: 847080739605385098, guid: 90fcb1f9682cd2540bedae525b15e131,
        type: 3}
      propertyPath: m_LocalRotation.z
      value: 0
      objectReference: {fileID: 0}
    - target: {fileID: 847080739605385098, guid: 90fcb1f9682cd2540bedae525b15e131,
        type: 3}
      propertyPath: m_LocalRotation.w
      value: 1
      objectReference: {fileID: 0}
    - target: {fileID: 847080739605385098, guid: 90fcb1f9682cd2540bedae525b15e131,
        type: 3}
      propertyPath: m_RootOrder
      value: 0
      objectReference: {fileID: 0}
    - target: {fileID: 847080739605385098, guid: 90fcb1f9682cd2540bedae525b15e131,
        type: 3}
      propertyPath: m_LocalEulerAnglesHint.x
      value: 0
      objectReference: {fileID: 0}
    - target: {fileID: 847080739605385098, guid: 90fcb1f9682cd2540bedae525b15e131,
        type: 3}
      propertyPath: m_LocalEulerAnglesHint.y
      value: 0
      objectReference: {fileID: 0}
    - target: {fileID: 847080739605385098, guid: 90fcb1f9682cd2540bedae525b15e131,
        type: 3}
      propertyPath: m_LocalEulerAnglesHint.z
      value: 0
      objectReference: {fileID: 0}
    - target: {fileID: 61976787631276258, guid: 90fcb1f9682cd2540bedae525b15e131,
        type: 3}
      propertyPath: m_Radius
      value: 1
      objectReference: {fileID: 0}
    - target: {fileID: 61976787631276258, guid: 90fcb1f9682cd2540bedae525b15e131,
        type: 3}
      propertyPath: m_Enabled
      value: 1
      objectReference: {fileID: 0}
    - target: {fileID: 9083362580402006832, guid: 90fcb1f9682cd2540bedae525b15e131,
        type: 3}
      propertyPath: mainObject
      value: 
      objectReference: {fileID: 4164551850207937188}
    - target: {fileID: 9083362580402006832, guid: 90fcb1f9682cd2540bedae525b15e131,
        type: 3}
      propertyPath: interactableBehaviour
      value: 
      objectReference: {fileID: 0}
    m_RemovedComponents:
    - {fileID: 7910591390827413212, guid: 90fcb1f9682cd2540bedae525b15e131, type: 3}
  m_SourcePrefab: {fileID: 100100000, guid: 90fcb1f9682cd2540bedae525b15e131, type: 3}
--- !u!1 &7230990047977060492 stripped
GameObject:
  m_CorrespondingSourceObject: {fileID: 2265424663634278617, guid: 90fcb1f9682cd2540bedae525b15e131,
    type: 3}
  m_PrefabInstance: {fileID: 8874840705161936981}
  m_PrefabAsset: {fileID: 0}
--- !u!4 &8135941741394776031 stripped
Transform:
  m_CorrespondingSourceObject: {fileID: 847080739605385098, guid: 90fcb1f9682cd2540bedae525b15e131,
    type: 3}
  m_PrefabInstance: {fileID: 8874840705161936981}
  m_PrefabAsset: {fileID: 0}
--- !u!114 &371356468528884581 stripped
MonoBehaviour:
  m_CorrespondingSourceObject: {fileID: 9083362580402006832, guid: 90fcb1f9682cd2540bedae525b15e131,
    type: 3}
  m_PrefabInstance: {fileID: 8874840705161936981}
  m_PrefabAsset: {fileID: 0}
  m_GameObject: {fileID: 7230990047977060492}
  m_Enabled: 1
  m_EditorHideFlags: 0
  m_Script: {fileID: 11500000, guid: 891ca12236342574896a268ef7ad691c, type: 3}
  m_Name: 
  m_EditorClassIdentifier: 
