%YAML 1.1
%TAG !u! tag:unity3d.com,2011:
--- !u!1 &559083725522283277
GameObject:
  m_ObjectHideFlags: 0
  m_CorrespondingSourceObject: {fileID: 0}
  m_PrefabInstance: {fileID: 0}
  m_PrefabAsset: {fileID: 0}
  serializedVersion: 6
  m_Component:
  - component: {fileID: 559083725522283276}
  m_Layer: 0
  m_Name: TopRight
  m_TagString: Untagged
  m_Icon: {fileID: 0}
  m_NavMeshLayer: 0
  m_StaticEditorFlags: 0
  m_IsActive: 1
--- !u!4 &559083725522283276
Transform:
  m_ObjectHideFlags: 0
  m_CorrespondingSourceObject: {fileID: 0}
  m_PrefabInstance: {fileID: 0}
  m_PrefabAsset: {fileID: 0}
  m_GameObject: {fileID: 559083725522283277}
  m_LocalRotation: {x: -0, y: -0, z: -0, w: 1}
  m_LocalPosition: {x: 3, y: 0, z: 3}
  m_LocalScale: {x: 1, y: 1, z: 1}
  m_Children: []
  m_Father: {fileID: 559083726390570368}
  m_RootOrder: 2
  m_LocalEulerAnglesHint: {x: 0, y: 0, z: 0}
--- !u!1 &559083725609293656
GameObject:
  m_ObjectHideFlags: 0
  m_CorrespondingSourceObject: {fileID: 0}
  m_PrefabInstance: {fileID: 0}
  m_PrefabAsset: {fileID: 0}
  serializedVersion: 6
  m_Component:
  - component: {fileID: 559083725609293663}
  m_Layer: 0
  m_Name: BottomRight
  m_TagString: Untagged
  m_Icon: {fileID: 0}
  m_NavMeshLayer: 0
  m_StaticEditorFlags: 0
  m_IsActive: 1
--- !u!4 &559083725609293663
Transform:
  m_ObjectHideFlags: 0
  m_CorrespondingSourceObject: {fileID: 0}
  m_PrefabInstance: {fileID: 0}
  m_PrefabAsset: {fileID: 0}
  m_GameObject: {fileID: 559083725609293656}
  m_LocalRotation: {x: -0, y: -0, z: -0, w: 1}
  m_LocalPosition: {x: 3, y: 0, z: -3}
  m_LocalScale: {x: 1, y: 1, z: 1}
  m_Children: []
  m_Father: {fileID: 559083726390570368}
  m_RootOrder: 4
  m_LocalEulerAnglesHint: {x: 0, y: 0, z: 0}
--- !u!1 &559083725726276497
GameObject:
  m_ObjectHideFlags: 0
  m_CorrespondingSourceObject: {fileID: 0}
  m_PrefabInstance: {fileID: 0}
  m_PrefabAsset: {fileID: 0}
  serializedVersion: 6
  m_Component:
  - component: {fileID: 559083725726276496}
  m_Layer: 0
  m_Name: Area Object
  m_TagString: Untagged
  m_Icon: {fileID: 0}
  m_NavMeshLayer: 0
  m_StaticEditorFlags: 0
  m_IsActive: 1
--- !u!4 &559083725726276496
Transform:
  m_ObjectHideFlags: 0
  m_CorrespondingSourceObject: {fileID: 0}
  m_PrefabInstance: {fileID: 0}
  m_PrefabAsset: {fileID: 0}
  m_GameObject: {fileID: 559083725726276497}
  m_LocalRotation: {x: 0, y: 0, z: 0, w: 1}
  m_LocalPosition: {x: 0, y: 0, z: 0}
  m_LocalScale: {x: 3, y: 3, z: 3}
  m_Children:
  - {fileID: 559083725773152364}
  m_Father: {fileID: 559083726390570368}
  m_RootOrder: 1
  m_LocalEulerAnglesHint: {x: 0, y: 0, z: 0}
--- !u!1 &559083725773152365
GameObject:
  m_ObjectHideFlags: 0
  m_CorrespondingSourceObject: {fileID: 0}
  m_PrefabInstance: {fileID: 0}
  m_PrefabAsset: {fileID: 0}
  serializedVersion: 6
  m_Component:
  - component: {fileID: 559083725773152364}
  - component: {fileID: 559083725773152353}
  - component: {fileID: 559083725773152354}
  - component: {fileID: 559083725773152355}
  m_Layer: 0
  m_Name: Plane
  m_TagString: Untagged
  m_Icon: {fileID: 0}
  m_NavMeshLayer: 0
  m_StaticEditorFlags: 0
  m_IsActive: 1
--- !u!4 &559083725773152364
Transform:
  m_ObjectHideFlags: 0
  m_CorrespondingSourceObject: {fileID: 0}
  m_PrefabInstance: {fileID: 0}
  m_PrefabAsset: {fileID: 0}
  m_GameObject: {fileID: 559083725773152365}
  m_LocalRotation: {x: 0, y: 0, z: 0, w: 1}
  m_LocalPosition: {x: 0, y: 0, z: 0}
  m_LocalScale: {x: 2, y: 1, z: 2}
  m_Children: []
  m_Father: {fileID: 559083725726276496}
  m_RootOrder: 0
  m_LocalEulerAnglesHint: {x: 0, y: 0, z: 0}
--- !u!33 &559083725773152353
MeshFilter:
  m_ObjectHideFlags: 0
  m_CorrespondingSourceObject: {fileID: 0}
  m_PrefabInstance: {fileID: 0}
  m_PrefabAsset: {fileID: 0}
  m_GameObject: {fileID: 559083725773152365}
  m_Mesh: {fileID: 1370035260943766986, guid: 1d809cd35506d8a4c864926706fcf5e2, type: 3}
--- !u!23 &559083725773152354
MeshRenderer:
  m_ObjectHideFlags: 0
  m_CorrespondingSourceObject: {fileID: 0}
  m_PrefabInstance: {fileID: 0}
  m_PrefabAsset: {fileID: 0}
  m_GameObject: {fileID: 559083725773152365}
  m_Enabled: 1
  m_CastShadows: 1
  m_ReceiveShadows: 1
  m_DynamicOccludee: 1
  m_MotionVectors: 1
  m_LightProbeUsage: 1
  m_ReflectionProbeUsage: 1
  m_RenderingLayerMask: 1
  m_RendererPriority: 0
  m_Materials:
  - {fileID: 2100000, guid: e4c192712e3177f4d844946a0e334162, type: 2}
  m_StaticBatchInfo:
    firstSubMesh: 0
    subMeshCount: 0
  m_StaticBatchRoot: {fileID: 0}
  m_ProbeAnchor: {fileID: 0}
  m_LightProbeVolumeOverride: {fileID: 0}
  m_ScaleInLightmap: 1
  m_ReceiveGI: 1
  m_PreserveUVs: 0
  m_IgnoreNormalsForChartDetection: 0
  m_ImportantGI: 0
  m_StitchLightmapSeams: 1
  m_SelectedEditorRenderState: 3
  m_MinimumChartSize: 4
  m_AutoUVMaxDistance: 0.5
  m_AutoUVMaxAngle: 89
  m_LightmapParameters: {fileID: 0}
  m_SortingLayerID: 0
  m_SortingLayer: 0
  m_SortingOrder: 0
--- !u!64 &559083725773152355
MeshCollider:
  m_ObjectHideFlags: 0
  m_CorrespondingSourceObject: {fileID: 0}
  m_PrefabInstance: {fileID: 0}
  m_PrefabAsset: {fileID: 0}
  m_GameObject: {fileID: 559083725773152365}
  m_Material: {fileID: 0}
  m_IsTrigger: 0
  m_Enabled: 0
  serializedVersion: 3
  m_Convex: 0
  m_CookingOptions: 14
  m_Mesh: {fileID: 10209, guid: 0000000000000000e000000000000000, type: 0}
--- !u!1 &559083725837603504
GameObject:
  m_ObjectHideFlags: 0
  m_CorrespondingSourceObject: {fileID: 0}
  m_PrefabInstance: {fileID: 0}
  m_PrefabAsset: {fileID: 0}
  serializedVersion: 6
  m_Component:
  - component: {fileID: 559083725837603511}
  m_Layer: 0
  m_Name: BottomLeft
  m_TagString: Untagged
  m_Icon: {fileID: 0}
  m_NavMeshLayer: 0
  m_StaticEditorFlags: 0
  m_IsActive: 1
--- !u!4 &559083725837603511
Transform:
  m_ObjectHideFlags: 0
  m_CorrespondingSourceObject: {fileID: 0}
  m_PrefabInstance: {fileID: 0}
  m_PrefabAsset: {fileID: 0}
  m_GameObject: {fileID: 559083725837603504}
  m_LocalRotation: {x: -0, y: -0, z: -0, w: 1}
  m_LocalPosition: {x: -3, y: 0, z: -3}
  m_LocalScale: {x: 1, y: 1, z: 1}
  m_Children: []
  m_Father: {fileID: 559083726390570368}
  m_RootOrder: 5
  m_LocalEulerAnglesHint: {x: 0, y: 0, z: 0}
--- !u!1 &559083726058735601
GameObject:
  m_ObjectHideFlags: 0
  m_CorrespondingSourceObject: {fileID: 0}
  m_PrefabInstance: {fileID: 0}
  m_PrefabAsset: {fileID: 0}
  serializedVersion: 6
  m_Component:
  - component: {fileID: 559083726058735600}
  m_Layer: 0
  m_Name: TopLeft
  m_TagString: Untagged
  m_Icon: {fileID: 0}
  m_NavMeshLayer: 0
  m_StaticEditorFlags: 0
  m_IsActive: 1
--- !u!4 &559083726058735600
Transform:
  m_ObjectHideFlags: 0
  m_CorrespondingSourceObject: {fileID: 0}
  m_PrefabInstance: {fileID: 0}
  m_PrefabAsset: {fileID: 0}
  m_GameObject: {fileID: 559083726058735601}
  m_LocalRotation: {x: -0, y: -0, z: -0, w: 1}
  m_LocalPosition: {x: -3, y: 0, z: 3}
  m_LocalScale: {x: 1, y: 1, z: 1}
  m_Children: []
  m_Father: {fileID: 559083726390570368}
  m_RootOrder: 3
  m_LocalEulerAnglesHint: {x: 0, y: 0, z: 0}
--- !u!1 &559083726070058132
GameObject:
  m_ObjectHideFlags: 0
  m_CorrespondingSourceObject: {fileID: 0}
  m_PrefabInstance: {fileID: 0}
  m_PrefabAsset: {fileID: 0}
  serializedVersion: 6
  m_Component:
  - component: {fileID: 559083726070058123}
  - component: {fileID: 559083726070058127}
  - component: {fileID: 559083726070058120}
  - component: {fileID: 559083726070058121}
  - component: {fileID: 559083726070058122}
  - component: {fileID: 559083726070058126}
  m_Layer: 0
  m_Name: ObjectToSlide
  m_TagString: Untagged
  m_Icon: {fileID: 0}
  m_NavMeshLayer: 0
  m_StaticEditorFlags: 0
  m_IsActive: 1
--- !u!4 &559083726070058123
Transform:
  m_ObjectHideFlags: 0
  m_CorrespondingSourceObject: {fileID: 0}
  m_PrefabInstance: {fileID: 0}
  m_PrefabAsset: {fileID: 0}
  m_GameObject: {fileID: 559083726070058132}
  m_LocalRotation: {x: -0, y: -0, z: 0.0000000026775522, w: 1}
  m_LocalPosition: {x: -5, y: 18.277508, z: -5}
  m_LocalScale: {x: 1, y: 1, z: 1}
  m_Children:
  - {fileID: 865584886172545892}
  - {fileID: 813092501522084870}
  m_Father: {fileID: 559083726390570368}
  m_RootOrder: 0
  m_LocalEulerAnglesHint: {x: 0, y: 0, z: 0}
--- !u!33 &559083726070058127
MeshFilter:
  m_ObjectHideFlags: 0
  m_CorrespondingSourceObject: {fileID: 0}
  m_PrefabInstance: {fileID: 0}
  m_PrefabAsset: {fileID: 0}
  m_GameObject: {fileID: 559083726070058132}
  m_Mesh: {fileID: 10202, guid: 0000000000000000e000000000000000, type: 0}
--- !u!23 &559083726070058120
MeshRenderer:
  m_ObjectHideFlags: 0
  m_CorrespondingSourceObject: {fileID: 0}
  m_PrefabInstance: {fileID: 0}
  m_PrefabAsset: {fileID: 0}
  m_GameObject: {fileID: 559083726070058132}
  m_Enabled: 1
  m_CastShadows: 1
  m_ReceiveShadows: 1
  m_DynamicOccludee: 1
  m_MotionVectors: 1
  m_LightProbeUsage: 1
  m_ReflectionProbeUsage: 1
  m_RenderingLayerMask: 1
  m_RendererPriority: 0
  m_Materials:
  - {fileID: 2100000, guid: 43b5623ed2043f24b9ac0594bfb2ed63, type: 2}
  m_StaticBatchInfo:
    firstSubMesh: 0
    subMeshCount: 0
  m_StaticBatchRoot: {fileID: 0}
  m_ProbeAnchor: {fileID: 0}
  m_LightProbeVolumeOverride: {fileID: 0}
  m_ScaleInLightmap: 1
  m_ReceiveGI: 1
  m_PreserveUVs: 0
  m_IgnoreNormalsForChartDetection: 0
  m_ImportantGI: 0
  m_StitchLightmapSeams: 1
  m_SelectedEditorRenderState: 3
  m_MinimumChartSize: 4
  m_AutoUVMaxDistance: 0.5
  m_AutoUVMaxAngle: 89
  m_LightmapParameters: {fileID: 0}
  m_SortingLayerID: 0
  m_SortingLayer: 0
  m_SortingOrder: 0
--- !u!65 &559083726070058121
BoxCollider:
  m_ObjectHideFlags: 0
  m_CorrespondingSourceObject: {fileID: 0}
  m_PrefabInstance: {fileID: 0}
  m_PrefabAsset: {fileID: 0}
  m_GameObject: {fileID: 559083726070058132}
  m_Material: {fileID: 0}
  m_IsTrigger: 0
  m_Enabled: 1
  serializedVersion: 2
  m_Size: {x: 1, y: 1, z: 1}
  m_Center: {x: 0, y: 0, z: 0}
--- !u!54 &559083726070058122
Rigidbody:
  m_ObjectHideFlags: 0
  m_CorrespondingSourceObject: {fileID: 0}
  m_PrefabInstance: {fileID: 0}
  m_PrefabAsset: {fileID: 0}
  m_GameObject: {fileID: 559083726070058132}
  serializedVersion: 2
  m_Mass: 1
  m_Drag: 0
  m_AngularDrag: 0.05
  m_UseGravity: 0
  m_IsKinematic: 1
  m_Interpolate: 0
  m_Constraints: 0
  m_CollisionDetection: 0
--- !u!208 &559083726070058126
NavMeshObstacle:
  m_ObjectHideFlags: 0
  m_CorrespondingSourceObject: {fileID: 0}
  m_PrefabInstance: {fileID: 0}
  m_PrefabAsset: {fileID: 0}
  m_GameObject: {fileID: 559083726070058132}
  m_Enabled: 1
  serializedVersion: 3
  m_Shape: 1
  m_Extents: {x: 0.5, y: 0.5, z: 0.5}
  m_MoveThreshold: 0.1
  m_Carve: 1
  m_CarveOnlyStationary: 1
  m_Center: {x: 0, y: 0, z: 0}
  m_TimeToStationary: 0.5
--- !u!1 &559083726390570369
GameObject:
  m_ObjectHideFlags: 0
  m_CorrespondingSourceObject: {fileID: 0}
  m_PrefabInstance: {fileID: 0}
  m_PrefabAsset: {fileID: 0}
  serializedVersion: 6
  m_Component:
  - component: {fileID: 559083726390570368}
  m_Layer: 0
  m_Name: InteractableDragToPointGrid
  m_TagString: Untagged
  m_Icon: {fileID: 0}
  m_NavMeshLayer: 0
  m_StaticEditorFlags: 0
  m_IsActive: 1
--- !u!4 &559083726390570368
Transform:
  m_ObjectHideFlags: 0
  m_CorrespondingSourceObject: {fileID: 0}
  m_PrefabInstance: {fileID: 0}
  m_PrefabAsset: {fileID: 0}
  m_GameObject: {fileID: 559083726390570369}
  m_LocalRotation: {x: 0, y: 0, z: 0, w: 1}
  m_LocalPosition: {x: 0, y: 0, z: 0}
  m_LocalScale: {x: 1, y: 1, z: 1}
  m_Children:
  - {fileID: 559083726070058123}
  - {fileID: 559083725726276496}
  - {fileID: 559083725522283276}
  - {fileID: 559083726058735600}
  - {fileID: 559083725609293663}
  - {fileID: 559083725837603511}
  m_Father: {fileID: 0}
  m_RootOrder: 0
  m_LocalEulerAnglesHint: {x: 0, y: 0, z: 0}
--- !u!114 &559083726857043178
MonoBehaviour:
  m_ObjectHideFlags: 0
  m_CorrespondingSourceObject: {fileID: 0}
  m_PrefabInstance: {fileID: 0}
  m_PrefabAsset: {fileID: 0}
  m_GameObject: {fileID: 1779524477228909623}
  m_Enabled: 1
  m_EditorHideFlags: 0
  m_Script: {fileID: 11500000, guid: f33a4893689770d48905c5d4b0d376df, type: 3}
  m_Name: 
  m_EditorClassIdentifier: 
  lockBehaviour: 0
  interactable: {fileID: 8776624570471552990}
  drawGizmos: 1
  isInitializedByOther: 0
  activatePoints: 0
  worldTransform: {fileID: 559083726390570368}
  startPos: {x: 0, y: 0, z: 0}
  areaObject: {fileID: 559083725726276496}
  corners:
  - {fileID: 559083725522283276}
  - {fileID: 559083726058735600}
  - {fileID: 559083725609293663}
  - {fileID: 559083725837603511}
  pointObjectPrefab: {fileID: 4976726126249681716, guid: 4ceba5f931733f841b78d3eb33e51a57,
    type: 3}
  pointScale: 0.1
  pointMode: 0
  points: []
  gridSize: {x: 5, y: 5}
  pointGridPositions: []
  snapOnly: 1
  snapDistance: 1.1
  pointsVisited: []
  maxCountPointsVisited: 10
  ignoreCurrentPoint: 0
  currentPoint: {fileID: 0}
  reachedEnd: 0
--- !u!1001 &559083725127018661
PrefabInstance:
  m_ObjectHideFlags: 0
  serializedVersion: 2
  m_Modification:
    m_TransformParent: {fileID: 559083726070058123}
    m_Modifications:
    - target: {fileID: 903795250523544749, guid: 7aa35778395471849ade54188762546e,
        type: 3}
      propertyPath: m_Name
      value: WandInteractable
      objectReference: {fileID: 0}
    - target: {fileID: 903795250523544739, guid: 7aa35778395471849ade54188762546e,
        type: 3}
      propertyPath: m_LocalPosition.x
      value: 0
      objectReference: {fileID: 0}
    - target: {fileID: 903795250523544739, guid: 7aa35778395471849ade54188762546e,
        type: 3}
      propertyPath: m_LocalPosition.y
      value: 0
      objectReference: {fileID: 0}
    - target: {fileID: 903795250523544739, guid: 7aa35778395471849ade54188762546e,
        type: 3}
      propertyPath: m_LocalPosition.z
      value: 0
      objectReference: {fileID: 0}
    - target: {fileID: 903795250523544739, guid: 7aa35778395471849ade54188762546e,
        type: 3}
      propertyPath: m_LocalRotation.x
      value: 0
      objectReference: {fileID: 0}
    - target: {fileID: 903795250523544739, guid: 7aa35778395471849ade54188762546e,
        type: 3}
      propertyPath: m_LocalRotation.y
      value: 0
      objectReference: {fileID: 0}
    - target: {fileID: 903795250523544739, guid: 7aa35778395471849ade54188762546e,
        type: 3}
      propertyPath: m_LocalRotation.z
      value: 0
      objectReference: {fileID: 0}
    - target: {fileID: 903795250523544739, guid: 7aa35778395471849ade54188762546e,
        type: 3}
      propertyPath: m_LocalRotation.w
      value: 1
      objectReference: {fileID: 0}
    - target: {fileID: 903795250523544739, guid: 7aa35778395471849ade54188762546e,
        type: 3}
      propertyPath: m_RootOrder
      value: 1
      objectReference: {fileID: 0}
    - target: {fileID: 903795250523544739, guid: 7aa35778395471849ade54188762546e,
        type: 3}
      propertyPath: m_LocalEulerAnglesHint.x
      value: 0
      objectReference: {fileID: 0}
    - target: {fileID: 903795250523544739, guid: 7aa35778395471849ade54188762546e,
        type: 3}
      propertyPath: m_LocalEulerAnglesHint.y
      value: 0
      objectReference: {fileID: 0}
    - target: {fileID: 903795250523544739, guid: 7aa35778395471849ade54188762546e,
        type: 3}
      propertyPath: m_LocalEulerAnglesHint.z
      value: 0
      objectReference: {fileID: 0}
    - target: {fileID: 5747857363585979745, guid: 7aa35778395471849ade54188762546e,
        type: 3}
      propertyPath: mainObject
      value: 
      objectReference: {fileID: 8588179047816236699, guid: 8c53821f2ea1d37499da1b05fd3fd3dc,
        type: 3}
    - target: {fileID: 5747857363585979745, guid: 7aa35778395471849ade54188762546e,
        type: 3}
      propertyPath: mainCollider
      value: 
      objectReference: {fileID: 8588179047816236678, guid: 8c53821f2ea1d37499da1b05fd3fd3dc,
        type: 3}
    - target: {fileID: 5747857363585979745, guid: 7aa35778395471849ade54188762546e,
        type: 3}
      propertyPath: rigidBody
      value: 
      objectReference: {fileID: 8588179047816236677, guid: 8c53821f2ea1d37499da1b05fd3fd3dc,
        type: 3}
    - target: {fileID: 5747857363585979745, guid: 7aa35778395471849ade54188762546e,
        type: 3}
      propertyPath: useGravity
      value: 1
      objectReference: {fileID: 0}
    m_RemovedComponents: []
  m_SourcePrefab: {fileID: 100100000, guid: 7aa35778395471849ade54188762546e, type: 3}
--- !u!4 &813092501522084870 stripped
Transform:
  m_CorrespondingSourceObject: {fileID: 903795250523544739, guid: 7aa35778395471849ade54188762546e,
    type: 3}
  m_PrefabInstance: {fileID: 559083725127018661}
  m_PrefabAsset: {fileID: 0}
--- !u!1001 &559083726857043182
PrefabInstance:
  m_ObjectHideFlags: 0
  serializedVersion: 2
  m_Modification:
    m_TransformParent: {fileID: 559083726070058123}
    m_Modifications:
    - target: {fileID: 2265424663634278617, guid: 90fcb1f9682cd2540bedae525b15e131,
        type: 3}
      propertyPath: m_Name
      value: Interactable
      objectReference: {fileID: 0}
    - target: {fileID: 847080739605385098, guid: 90fcb1f9682cd2540bedae525b15e131,
        type: 3}
      propertyPath: m_LocalPosition.x
      value: 0
      objectReference: {fileID: 0}
    - target: {fileID: 847080739605385098, guid: 90fcb1f9682cd2540bedae525b15e131,
        type: 3}
      propertyPath: m_LocalPosition.y
      value: 0
      objectReference: {fileID: 0}
    - target: {fileID: 847080739605385098, guid: 90fcb1f9682cd2540bedae525b15e131,
        type: 3}
      propertyPath: m_LocalPosition.z
      value: 0
      objectReference: {fileID: 0}
    - target: {fileID: 847080739605385098, guid: 90fcb1f9682cd2540bedae525b15e131,
        type: 3}
      propertyPath: m_LocalRotation.x
      value: 0
      objectReference: {fileID: 0}
    - target: {fileID: 847080739605385098, guid: 90fcb1f9682cd2540bedae525b15e131,
        type: 3}
      propertyPath: m_LocalRotation.y
      value: 0
      objectReference: {fileID: 0}
    - target: {fileID: 847080739605385098, guid: 90fcb1f9682cd2540bedae525b15e131,
        type: 3}
      propertyPath: m_LocalRotation.z
      value: 0
      objectReference: {fileID: 0}
    - target: {fileID: 847080739605385098, guid: 90fcb1f9682cd2540bedae525b15e131,
        type: 3}
      propertyPath: m_LocalRotation.w
      value: 1
      objectReference: {fileID: 0}
    - target: {fileID: 847080739605385098, guid: 90fcb1f9682cd2540bedae525b15e131,
        type: 3}
      propertyPath: m_RootOrder
      value: 0
      objectReference: {fileID: 0}
    - target: {fileID: 847080739605385098, guid: 90fcb1f9682cd2540bedae525b15e131,
        type: 3}
      propertyPath: m_LocalEulerAnglesHint.x
      value: 0
      objectReference: {fileID: 0}
    - target: {fileID: 847080739605385098, guid: 90fcb1f9682cd2540bedae525b15e131,
        type: 3}
      propertyPath: m_LocalEulerAnglesHint.y
      value: 0
      objectReference: {fileID: 0}
    - target: {fileID: 847080739605385098, guid: 90fcb1f9682cd2540bedae525b15e131,
        type: 3}
      propertyPath: m_LocalEulerAnglesHint.z
      value: 0
      objectReference: {fileID: 0}
    - target: {fileID: 847080739605385098, guid: 90fcb1f9682cd2540bedae525b15e131,
        type: 3}
      propertyPath: m_LocalScale.z
      value: 1
      objectReference: {fileID: 0}
    - target: {fileID: 61976787631276258, guid: 90fcb1f9682cd2540bedae525b15e131,
        type: 3}
      propertyPath: m_IsTrigger
      value: 1
      objectReference: {fileID: 0}
    - target: {fileID: 9083362580402006832, guid: 90fcb1f9682cd2540bedae525b15e131,
        type: 3}
      propertyPath: mainObject
      value: 
      objectReference: {fileID: 559083726070058132}
    - target: {fileID: 9083362580402006832, guid: 90fcb1f9682cd2540bedae525b15e131,
        type: 3}
      propertyPath: mainCollider
      value: 
      objectReference: {fileID: 559083726070058121}
    - target: {fileID: 9083362580402006832, guid: 90fcb1f9682cd2540bedae525b15e131,
        type: 3}
      propertyPath: rigidBody
      value: 
      objectReference: {fileID: 559083726070058122}
    - target: {fileID: 9083362580402006832, guid: 90fcb1f9682cd2540bedae525b15e131,
        type: 3}
      propertyPath: useGravity
      value: 1
      objectReference: {fileID: 0}
    - target: {fileID: 9083362580402006832, guid: 90fcb1f9682cd2540bedae525b15e131,
        type: 3}
      propertyPath: interactableType
      value: 3
      objectReference: {fileID: 0}
    - target: {fileID: 9083362580402006832, guid: 90fcb1f9682cd2540bedae525b15e131,
        type: 3}
      propertyPath: interactableBehaviour
      value: 
      objectReference: {fileID: 559083726857043178}
    m_RemovedComponents:
    - {fileID: 7910591390827413212, guid: 90fcb1f9682cd2540bedae525b15e131, type: 3}
  m_SourcePrefab: {fileID: 100100000, guid: 90fcb1f9682cd2540bedae525b15e131, type: 3}
--- !u!1 &1779524477228909623 stripped
GameObject:
  m_CorrespondingSourceObject: {fileID: 2265424663634278617, guid: 90fcb1f9682cd2540bedae525b15e131,
    type: 3}
  m_PrefabInstance: {fileID: 559083726857043182}
  m_PrefabAsset: {fileID: 0}
--- !u!4 &865584886172545892 stripped
Transform:
  m_CorrespondingSourceObject: {fileID: 847080739605385098, guid: 90fcb1f9682cd2540bedae525b15e131,
    type: 3}
  m_PrefabInstance: {fileID: 559083726857043182}
  m_PrefabAsset: {fileID: 0}
--- !u!114 &8776624570471552990 stripped
MonoBehaviour:
  m_CorrespondingSourceObject: {fileID: 9083362580402006832, guid: 90fcb1f9682cd2540bedae525b15e131,
    type: 3}
  m_PrefabInstance: {fileID: 559083726857043182}
  m_PrefabAsset: {fileID: 0}
  m_GameObject: {fileID: 1779524477228909623}
  m_Enabled: 1
  m_EditorHideFlags: 0
  m_Script: {fileID: 11500000, guid: 891ca12236342574896a268ef7ad691c, type: 3}
  m_Name: 
  m_EditorClassIdentifier: 
