%YAML 1.1
%TAG !u! tag:unity3d.com,2011:
--- !u!1 &2474922123478450410
GameObject:
  m_ObjectHideFlags: 0
  m_CorrespondingSourceObject: {fileID: 0}
  m_PrefabInstance: {fileID: 0}
  m_PrefabAsset: {fileID: 0}
  serializedVersion: 6
  m_Component:
  - component: {fileID: 2474922123478450411}
  m_Layer: 0
  m_Name: Point01 (8)
  m_TagString: Untagged
  m_Icon: {fileID: 0}
  m_NavMeshLayer: 0
  m_StaticEditorFlags: 0
  m_IsActive: 1
--- !u!4 &2474922123478450411
Transform:
  m_ObjectHideFlags: 0
  m_CorrespondingSourceObject: {fileID: 0}
  m_PrefabInstance: {fileID: 0}
  m_PrefabAsset: {fileID: 0}
  m_GameObject: {fileID: 2474922123478450410}
  m_LocalRotation: {x: 0, y: 0, z: 0, w: 1}
  m_LocalPosition: {x: -0.775, y: 0, z: -0.891}
  m_LocalScale: {x: 1, y: 1, z: 1}
  m_Children:
  - {fileID: 4419605462979535660}
  m_Father: {fileID: 3429172334512749929}
  m_RootOrder: 9
  m_LocalEulerAnglesHint: {x: 0, y: 0, z: 0}
--- !u!1 &2474922123876281619
GameObject:
  m_ObjectHideFlags: 0
  m_CorrespondingSourceObject: {fileID: 0}
  m_PrefabInstance: {fileID: 0}
  m_PrefabAsset: {fileID: 0}
  serializedVersion: 6
  m_Component:
  - component: {fileID: 2474922123876281616}
  m_Layer: 0
  m_Name: Point01 (7)
  m_TagString: Untagged
  m_Icon: {fileID: 0}
  m_NavMeshLayer: 0
  m_StaticEditorFlags: 0
  m_IsActive: 1
--- !u!4 &2474922123876281616
Transform:
  m_ObjectHideFlags: 0
  m_CorrespondingSourceObject: {fileID: 0}
  m_PrefabInstance: {fileID: 0}
  m_PrefabAsset: {fileID: 0}
  m_GameObject: {fileID: 2474922123876281619}
  m_LocalRotation: {x: 0, y: 0, z: 0, w: 1}
  m_LocalPosition: {x: 0.126, y: 0, z: -0.318}
  m_LocalScale: {x: 1, y: 1, z: 1}
  m_Children:
  - {fileID: 4419605463871181444}
  m_Father: {fileID: 3429172334512749929}
  m_RootOrder: 8
  m_LocalEulerAnglesHint: {x: 0, y: 0, z: 0}
--- !u!1 &2474922124714448044
GameObject:
  m_ObjectHideFlags: 0
  m_CorrespondingSourceObject: {fileID: 0}
  m_PrefabInstance: {fileID: 0}
  m_PrefabAsset: {fileID: 0}
  serializedVersion: 6
  m_Component:
  - component: {fileID: 2474922124714448045}
  m_Layer: 0
  m_Name: Point01 (5)
  m_TagString: Untagged
  m_Icon: {fileID: 0}
  m_NavMeshLayer: 0
  m_StaticEditorFlags: 0
  m_IsActive: 1
--- !u!4 &2474922124714448045
Transform:
  m_ObjectHideFlags: 0
  m_CorrespondingSourceObject: {fileID: 0}
  m_PrefabInstance: {fileID: 0}
  m_PrefabAsset: {fileID: 0}
  m_GameObject: {fileID: 2474922124714448044}
  m_LocalRotation: {x: 0, y: 0, z: 0, w: 1}
  m_LocalPosition: {x: 0.375, y: 0, z: 0.753}
  m_LocalScale: {x: 1, y: 1, z: 1}
  m_Children:
  - {fileID: 4419605462612018212}
  m_Father: {fileID: 3429172334512749929}
  m_RootOrder: 6
  m_LocalEulerAnglesHint: {x: 0, y: 0, z: 0}
--- !u!1 &2474922124804385730
GameObject:
  m_ObjectHideFlags: 0
  m_CorrespondingSourceObject: {fileID: 0}
  m_PrefabInstance: {fileID: 0}
  m_PrefabAsset: {fileID: 0}
  serializedVersion: 6
  m_Component:
  - component: {fileID: 2474922124804385731}
  m_Layer: 0
  m_Name: Point01
  m_TagString: Untagged
  m_Icon: {fileID: 0}
  m_NavMeshLayer: 0
  m_StaticEditorFlags: 0
  m_IsActive: 1
--- !u!4 &2474922124804385731
Transform:
  m_ObjectHideFlags: 0
  m_CorrespondingSourceObject: {fileID: 0}
  m_PrefabInstance: {fileID: 0}
  m_PrefabAsset: {fileID: 0}
  m_GameObject: {fileID: 2474922124804385730}
  m_LocalRotation: {x: 0, y: 0, z: 0, w: 1}
  m_LocalPosition: {x: -0.718, y: 0, z: 0}
  m_LocalScale: {x: 1, y: 1, z: 1}
  m_Children:
  - {fileID: 4419605463148710278}
  m_Father: {fileID: 3429172334512749929}
  m_RootOrder: 1
  m_LocalEulerAnglesHint: {x: 0, y: 0, z: 0}
--- !u!1 &2474922124828396163
GameObject:
  m_ObjectHideFlags: 0
  m_CorrespondingSourceObject: {fileID: 0}
  m_PrefabInstance: {fileID: 0}
  m_PrefabAsset: {fileID: 0}
  serializedVersion: 6
  m_Component:
  - component: {fileID: 2474922124828396160}
  m_Layer: 0
  m_Name: Point01 (3)
  m_TagString: Untagged
  m_Icon: {fileID: 0}
  m_NavMeshLayer: 0
  m_StaticEditorFlags: 0
  m_IsActive: 1
--- !u!4 &2474922124828396160
Transform:
  m_ObjectHideFlags: 0
  m_CorrespondingSourceObject: {fileID: 0}
  m_PrefabInstance: {fileID: 0}
  m_PrefabAsset: {fileID: 0}
  m_GameObject: {fileID: 2474922124828396163}
  m_LocalRotation: {x: 0, y: 0, z: 0, w: 1}
  m_LocalPosition: {x: 0.621, y: 0, z: 0.28}
  m_LocalScale: {x: 1, y: 1, z: 1}
  m_Children:
  - {fileID: 4419605462853538272}
  m_Father: {fileID: 3429172334512749929}
  m_RootOrder: 4
  m_LocalEulerAnglesHint: {x: 0, y: 0, z: 0}
--- !u!1 &2474922124996959933
GameObject:
  m_ObjectHideFlags: 0
  m_CorrespondingSourceObject: {fileID: 0}
  m_PrefabInstance: {fileID: 0}
  m_PrefabAsset: {fileID: 0}
  serializedVersion: 6
  m_Component:
  - component: {fileID: 2474922124996959930}
  m_Layer: 0
  m_Name: Point01 (4)
  m_TagString: Untagged
  m_Icon: {fileID: 0}
  m_NavMeshLayer: 0
  m_StaticEditorFlags: 0
  m_IsActive: 1
--- !u!4 &2474922124996959930
Transform:
  m_ObjectHideFlags: 0
  m_CorrespondingSourceObject: {fileID: 0}
  m_PrefabInstance: {fileID: 0}
  m_PrefabAsset: {fileID: 0}
  m_GameObject: {fileID: 2474922124996959933}
  m_LocalRotation: {x: 0, y: 0, z: 0, w: 1}
  m_LocalPosition: {x: -0.252, y: 0, z: 0.573}
  m_LocalScale: {x: 1, y: 1, z: 1}
  m_Children:
  - {fileID: 4419605464388632224}
  m_Father: {fileID: 3429172334512749929}
  m_RootOrder: 5
  m_LocalEulerAnglesHint: {x: 0, y: 0, z: 0}
--- !u!1 &2474922125144286248
GameObject:
  m_ObjectHideFlags: 0
  m_CorrespondingSourceObject: {fileID: 0}
  m_PrefabInstance: {fileID: 0}
  m_PrefabAsset: {fileID: 0}
  serializedVersion: 6
  m_Component:
  - component: {fileID: 2474922125144286249}
  m_Layer: 0
  m_Name: Point01 (2)
  m_TagString: Untagged
  m_Icon: {fileID: 0}
  m_NavMeshLayer: 0
  m_StaticEditorFlags: 0
  m_IsActive: 1
--- !u!4 &2474922125144286249
Transform:
  m_ObjectHideFlags: 0
  m_CorrespondingSourceObject: {fileID: 0}
  m_PrefabInstance: {fileID: 0}
  m_PrefabAsset: {fileID: 0}
  m_GameObject: {fileID: 2474922125144286248}
  m_LocalRotation: {x: 0, y: 0, z: 0, w: 1}
  m_LocalPosition: {x: 0.41, y: 0, z: -0.725}
  m_LocalScale: {x: 1, y: 1, z: 1}
  m_Children:
  - {fileID: 4419605463296467775}
  m_Father: {fileID: 3429172334512749929}
  m_RootOrder: 3
  m_LocalEulerAnglesHint: {x: 0, y: 0, z: 0}
--- !u!1 &2474922125274116055
GameObject:
  m_ObjectHideFlags: 0
  m_CorrespondingSourceObject: {fileID: 0}
  m_PrefabInstance: {fileID: 0}
  m_PrefabAsset: {fileID: 0}
  serializedVersion: 6
  m_Component:
  - component: {fileID: 2474922125274116052}
  m_Layer: 0
  m_Name: Point01 (1)
  m_TagString: Untagged
  m_Icon: {fileID: 0}
  m_NavMeshLayer: 0
  m_StaticEditorFlags: 0
  m_IsActive: 1
--- !u!4 &2474922125274116052
Transform:
  m_ObjectHideFlags: 0
  m_CorrespondingSourceObject: {fileID: 0}
  m_PrefabInstance: {fileID: 0}
  m_PrefabAsset: {fileID: 0}
  m_GameObject: {fileID: 2474922125274116055}
  m_LocalRotation: {x: 0, y: 0, z: 0, w: 1}
  m_LocalPosition: {x: -0.427, y: 0, z: -0.531}
  m_LocalScale: {x: 1, y: 1, z: 1}
  m_Children:
  - {fileID: 4419605463445634963}
  m_Father: {fileID: 3429172334512749929}
  m_RootOrder: 2
  m_LocalEulerAnglesHint: {x: 0, y: 0, z: 0}
--- !u!1 &2474922125422614180
GameObject:
  m_ObjectHideFlags: 0
  m_CorrespondingSourceObject: {fileID: 0}
  m_PrefabInstance: {fileID: 0}
  m_PrefabAsset: {fileID: 0}
  serializedVersion: 6
  m_Component:
  - component: {fileID: 2474922125422614181}
  m_Layer: 0
  m_Name: Point01 (6)
  m_TagString: Untagged
  m_Icon: {fileID: 0}
  m_NavMeshLayer: 0
  m_StaticEditorFlags: 0
  m_IsActive: 1
--- !u!4 &2474922125422614181
Transform:
  m_ObjectHideFlags: 0
  m_CorrespondingSourceObject: {fileID: 0}
  m_PrefabInstance: {fileID: 0}
  m_PrefabAsset: {fileID: 0}
  m_GameObject: {fileID: 2474922125422614180}
  m_LocalRotation: {x: 0, y: 0, z: 0, w: 1}
  m_LocalPosition: {x: 0.635, y: 0, z: -0.318}
  m_LocalScale: {x: 1, y: 1, z: 1}
  m_Children:
  - {fileID: 4419605463371646015}
  m_Father: {fileID: 3429172334512749929}
  m_RootOrder: 7
  m_LocalEulerAnglesHint: {x: 0, y: 0, z: 0}
--- !u!1 &2474922125530376861
GameObject:
  m_ObjectHideFlags: 0
  m_CorrespondingSourceObject: {fileID: 0}
  m_PrefabInstance: {fileID: 0}
  m_PrefabAsset: {fileID: 0}
  serializedVersion: 6
  m_Component:
  - component: {fileID: 2474922125530376858}
  m_Layer: 0
  m_Name: Point01 (9)
  m_TagString: Untagged
  m_Icon: {fileID: 0}
  m_NavMeshLayer: 0
  m_StaticEditorFlags: 0
  m_IsActive: 1
--- !u!4 &2474922125530376858
Transform:
  m_ObjectHideFlags: 0
  m_CorrespondingSourceObject: {fileID: 0}
  m_PrefabInstance: {fileID: 0}
  m_PrefabAsset: {fileID: 0}
  m_GameObject: {fileID: 2474922125530376861}
  m_LocalRotation: {x: 0, y: 0, z: 0, w: 1}
  m_LocalPosition: {x: -0.874, y: 0, z: 0.578}
  m_LocalScale: {x: 1, y: 1, z: 1}
  m_Children:
  - {fileID: 4419605464075576793}
  m_Father: {fileID: 3429172334512749929}
  m_RootOrder: 10
  m_LocalEulerAnglesHint: {x: 0, y: 0, z: 0}
--- !u!1 &3429172333632088685
GameObject:
  m_ObjectHideFlags: 0
  m_CorrespondingSourceObject: {fileID: 0}
  m_PrefabInstance: {fileID: 0}
  m_PrefabAsset: {fileID: 0}
  serializedVersion: 6
  m_Component:
  - component: {fileID: 3429172333632088690}
  - component: {fileID: 3429172333632088694}
  - component: {fileID: 3429172333632088689}
  - component: {fileID: 3429172333632088688}
  - component: {fileID: 3429172333632088691}
  - component: {fileID: 3429172333632088695}
  m_Layer: 0
  m_Name: ObjectToSlide
  m_TagString: Untagged
  m_Icon: {fileID: 0}
  m_NavMeshLayer: 0
  m_StaticEditorFlags: 0
  m_IsActive: 1
--- !u!4 &3429172333632088690
Transform:
  m_ObjectHideFlags: 0
  m_CorrespondingSourceObject: {fileID: 0}
  m_PrefabInstance: {fileID: 0}
  m_PrefabAsset: {fileID: 0}
  m_GameObject: {fileID: 3429172333632088685}
  m_LocalRotation: {x: -0, y: -0, z: 0.0000000026775522, w: 1}
  m_LocalPosition: {x: -1.4033041, y: 0.44999847, z: -1.6129675}
  m_LocalScale: {x: 1, y: 1, z: 1}
  m_Children:
  - {fileID: 2618756735302997405}
  - {fileID: 2529953080228090623}
  m_Father: {fileID: 3429172333847333753}
  m_RootOrder: 0
  m_LocalEulerAnglesHint: {x: 0, y: 0, z: 0}
--- !u!33 &3429172333632088694
MeshFilter:
  m_ObjectHideFlags: 0
  m_CorrespondingSourceObject: {fileID: 0}
  m_PrefabInstance: {fileID: 0}
  m_PrefabAsset: {fileID: 0}
  m_GameObject: {fileID: 3429172333632088685}
  m_Mesh: {fileID: 10202, guid: 0000000000000000e000000000000000, type: 0}
--- !u!23 &3429172333632088689
MeshRenderer:
  m_ObjectHideFlags: 0
  m_CorrespondingSourceObject: {fileID: 0}
  m_PrefabInstance: {fileID: 0}
  m_PrefabAsset: {fileID: 0}
  m_GameObject: {fileID: 3429172333632088685}
  m_Enabled: 1
  m_CastShadows: 1
  m_ReceiveShadows: 1
  m_DynamicOccludee: 1
  m_MotionVectors: 1
  m_LightProbeUsage: 1
  m_ReflectionProbeUsage: 1
  m_RenderingLayerMask: 1
  m_RendererPriority: 0
  m_Materials:
  - {fileID: 2100000, guid: 43b5623ed2043f24b9ac0594bfb2ed63, type: 2}
  m_StaticBatchInfo:
    firstSubMesh: 0
    subMeshCount: 0
  m_StaticBatchRoot: {fileID: 0}
  m_ProbeAnchor: {fileID: 0}
  m_LightProbeVolumeOverride: {fileID: 0}
  m_ScaleInLightmap: 1
  m_ReceiveGI: 1
  m_PreserveUVs: 0
  m_IgnoreNormalsForChartDetection: 0
  m_ImportantGI: 0
  m_StitchLightmapSeams: 1
  m_SelectedEditorRenderState: 3
  m_MinimumChartSize: 4
  m_AutoUVMaxDistance: 0.5
  m_AutoUVMaxAngle: 89
  m_LightmapParameters: {fileID: 0}
  m_SortingLayerID: 0
  m_SortingLayer: 0
  m_SortingOrder: 0
--- !u!65 &3429172333632088688
BoxCollider:
  m_ObjectHideFlags: 0
  m_CorrespondingSourceObject: {fileID: 0}
  m_PrefabInstance: {fileID: 0}
  m_PrefabAsset: {fileID: 0}
  m_GameObject: {fileID: 3429172333632088685}
  m_Material: {fileID: 0}
  m_IsTrigger: 0
  m_Enabled: 1
  serializedVersion: 2
  m_Size: {x: 1, y: 1, z: 1}
  m_Center: {x: 0, y: 0, z: 0}
--- !u!54 &3429172333632088691
Rigidbody:
  m_ObjectHideFlags: 0
  m_CorrespondingSourceObject: {fileID: 0}
  m_PrefabInstance: {fileID: 0}
  m_PrefabAsset: {fileID: 0}
  m_GameObject: {fileID: 3429172333632088685}
  serializedVersion: 2
  m_Mass: 1
  m_Drag: 0
  m_AngularDrag: 0.05
  m_UseGravity: 0
  m_IsKinematic: 1
  m_Interpolate: 0
  m_Constraints: 0
  m_CollisionDetection: 0
--- !u!208 &3429172333632088695
NavMeshObstacle:
  m_ObjectHideFlags: 0
  m_CorrespondingSourceObject: {fileID: 0}
  m_PrefabInstance: {fileID: 0}
  m_PrefabAsset: {fileID: 0}
  m_GameObject: {fileID: 3429172333632088685}
  m_Enabled: 1
  serializedVersion: 3
  m_Shape: 1
  m_Extents: {x: 0.5, y: 0.5, z: 0.5}
  m_MoveThreshold: 0.1
  m_Carve: 1
  m_CarveOnlyStationary: 1
  m_Center: {x: 0, y: 0, z: 0}
  m_TimeToStationary: 0.5
--- !u!1 &3429172333649699080
GameObject:
  m_ObjectHideFlags: 0
  m_CorrespondingSourceObject: {fileID: 0}
  m_PrefabInstance: {fileID: 0}
  m_PrefabAsset: {fileID: 0}
  serializedVersion: 6
  m_Component:
  - component: {fileID: 3429172333649699081}
  m_Layer: 0
  m_Name: TopLeft
  m_TagString: Untagged
  m_Icon: {fileID: 0}
  m_NavMeshLayer: 0
  m_StaticEditorFlags: 0
  m_IsActive: 1
--- !u!4 &3429172333649699081
Transform:
  m_ObjectHideFlags: 0
  m_CorrespondingSourceObject: {fileID: 0}
  m_PrefabInstance: {fileID: 0}
  m_PrefabAsset: {fileID: 0}
  m_GameObject: {fileID: 3429172333649699080}
  m_LocalRotation: {x: -0, y: -0, z: -0, w: 1}
  m_LocalPosition: {x: -3, y: 0, z: 3}
  m_LocalScale: {x: 1, y: 1, z: 1}
  m_Children: []
  m_Father: {fileID: 3429172333847333753}
  m_RootOrder: 3
  m_LocalEulerAnglesHint: {x: 0, y: 0, z: 0}
--- !u!1 &3429172333847333752
GameObject:
  m_ObjectHideFlags: 0
  m_CorrespondingSourceObject: {fileID: 0}
  m_PrefabInstance: {fileID: 0}
  m_PrefabAsset: {fileID: 0}
  serializedVersion: 6
  m_Component:
  - component: {fileID: 3429172333847333753}
  m_Layer: 0
  m_Name: InteractableDragToPointFree
  m_TagString: Untagged
  m_Icon: {fileID: 0}
  m_NavMeshLayer: 0
  m_StaticEditorFlags: 0
  m_IsActive: 1
--- !u!4 &3429172333847333753
Transform:
  m_ObjectHideFlags: 0
  m_CorrespondingSourceObject: {fileID: 0}
  m_PrefabInstance: {fileID: 0}
  m_PrefabAsset: {fileID: 0}
  m_GameObject: {fileID: 3429172333847333752}
  m_LocalRotation: {x: 0, y: 0, z: 0, w: 1}
  m_LocalPosition: {x: 0, y: 0, z: 0}
  m_LocalScale: {x: 1, y: 1, z: 1}
  m_Children:
  - {fileID: 3429172333632088690}
  - {fileID: 3429172334512749929}
  - {fileID: 3429172334187138549}
  - {fileID: 3429172333649699081}
  - {fileID: 3429172334626582950}
  - {fileID: 3429172334406661198}
  m_Father: {fileID: 0}
  m_RootOrder: 0
  m_LocalEulerAnglesHint: {x: 0, y: 0, z: 0}
--- !u!1 &3429172334187138548
GameObject:
  m_ObjectHideFlags: 0
  m_CorrespondingSourceObject: {fileID: 0}
  m_PrefabInstance: {fileID: 0}
  m_PrefabAsset: {fileID: 0}
  serializedVersion: 6
  m_Component:
  - component: {fileID: 3429172334187138549}
  m_Layer: 0
  m_Name: TopRight
  m_TagString: Untagged
  m_Icon: {fileID: 0}
  m_NavMeshLayer: 0
  m_StaticEditorFlags: 0
  m_IsActive: 1
--- !u!4 &3429172334187138549
Transform:
  m_ObjectHideFlags: 0
  m_CorrespondingSourceObject: {fileID: 0}
  m_PrefabInstance: {fileID: 0}
  m_PrefabAsset: {fileID: 0}
  m_GameObject: {fileID: 3429172334187138548}
  m_LocalRotation: {x: -0, y: -0, z: -0, w: 1}
  m_LocalPosition: {x: 3, y: 0, z: 3}
  m_LocalScale: {x: 1, y: 1, z: 1}
  m_Children: []
  m_Father: {fileID: 3429172333847333753}
  m_RootOrder: 2
  m_LocalEulerAnglesHint: {x: 0, y: 0, z: 0}
--- !u!1 &3429172334406661193
GameObject:
  m_ObjectHideFlags: 0
  m_CorrespondingSourceObject: {fileID: 0}
  m_PrefabInstance: {fileID: 0}
  m_PrefabAsset: {fileID: 0}
  serializedVersion: 6
  m_Component:
  - component: {fileID: 3429172334406661198}
  m_Layer: 0
  m_Name: BottomLeft
  m_TagString: Untagged
  m_Icon: {fileID: 0}
  m_NavMeshLayer: 0
  m_StaticEditorFlags: 0
  m_IsActive: 1
--- !u!4 &3429172334406661198
Transform:
  m_ObjectHideFlags: 0
  m_CorrespondingSourceObject: {fileID: 0}
  m_PrefabInstance: {fileID: 0}
  m_PrefabAsset: {fileID: 0}
  m_GameObject: {fileID: 3429172334406661193}
  m_LocalRotation: {x: -0, y: -0, z: -0, w: 1}
  m_LocalPosition: {x: -3, y: 0, z: -3}
  m_LocalScale: {x: 1, y: 1, z: 1}
  m_Children: []
  m_Father: {fileID: 3429172333847333753}
  m_RootOrder: 5
  m_LocalEulerAnglesHint: {x: 0, y: 0, z: 0}
--- !u!1 &3429172334472087188
GameObject:
  m_ObjectHideFlags: 0
  m_CorrespondingSourceObject: {fileID: 0}
  m_PrefabInstance: {fileID: 0}
  m_PrefabAsset: {fileID: 0}
  serializedVersion: 6
  m_Component:
  - component: {fileID: 3429172334472087189}
  - component: {fileID: 3429172334472087192}
  - component: {fileID: 3429172334472087195}
  - component: {fileID: 3429172334472087194}
  m_Layer: 0
  m_Name: Plane
  m_TagString: Untagged
  m_Icon: {fileID: 0}
  m_NavMeshLayer: 0
  m_StaticEditorFlags: 0
  m_IsActive: 1
--- !u!4 &3429172334472087189
Transform:
  m_ObjectHideFlags: 0
  m_CorrespondingSourceObject: {fileID: 0}
  m_PrefabInstance: {fileID: 0}
  m_PrefabAsset: {fileID: 0}
  m_GameObject: {fileID: 3429172334472087188}
  m_LocalRotation: {x: 0, y: 0, z: 0, w: 1}
  m_LocalPosition: {x: 0, y: 0, z: 0}
  m_LocalScale: {x: 2, y: 1, z: 2}
  m_Children: []
  m_Father: {fileID: 3429172334512749929}
  m_RootOrder: 0
  m_LocalEulerAnglesHint: {x: 0, y: 0, z: 0}
--- !u!33 &3429172334472087192
MeshFilter:
  m_ObjectHideFlags: 0
  m_CorrespondingSourceObject: {fileID: 0}
  m_PrefabInstance: {fileID: 0}
  m_PrefabAsset: {fileID: 0}
  m_GameObject: {fileID: 3429172334472087188}
  m_Mesh: {fileID: 1370035260943766986, guid: 1d809cd35506d8a4c864926706fcf5e2, type: 3}
--- !u!23 &3429172334472087195
MeshRenderer:
  m_ObjectHideFlags: 0
  m_CorrespondingSourceObject: {fileID: 0}
  m_PrefabInstance: {fileID: 0}
  m_PrefabAsset: {fileID: 0}
  m_GameObject: {fileID: 3429172334472087188}
  m_Enabled: 1
  m_CastShadows: 1
  m_ReceiveShadows: 1
  m_DynamicOccludee: 1
  m_MotionVectors: 1
  m_LightProbeUsage: 1
  m_ReflectionProbeUsage: 1
  m_RenderingLayerMask: 1
  m_RendererPriority: 0
  m_Materials:
  - {fileID: 2100000, guid: e4c192712e3177f4d844946a0e334162, type: 2}
  m_StaticBatchInfo:
    firstSubMesh: 0
    subMeshCount: 0
  m_StaticBatchRoot: {fileID: 0}
  m_ProbeAnchor: {fileID: 0}
  m_LightProbeVolumeOverride: {fileID: 0}
  m_ScaleInLightmap: 1
  m_ReceiveGI: 1
  m_PreserveUVs: 0
  m_IgnoreNormalsForChartDetection: 0
  m_ImportantGI: 0
  m_StitchLightmapSeams: 1
  m_SelectedEditorRenderState: 3
  m_MinimumChartSize: 4
  m_AutoUVMaxDistance: 0.5
  m_AutoUVMaxAngle: 89
  m_LightmapParameters: {fileID: 0}
  m_SortingLayerID: 0
  m_SortingLayer: 0
  m_SortingOrder: 0
--- !u!64 &3429172334472087194
MeshCollider:
  m_ObjectHideFlags: 0
  m_CorrespondingSourceObject: {fileID: 0}
  m_PrefabInstance: {fileID: 0}
  m_PrefabAsset: {fileID: 0}
  m_GameObject: {fileID: 3429172334472087188}
  m_Material: {fileID: 0}
  m_IsTrigger: 0
  m_Enabled: 0
  serializedVersion: 3
  m_Convex: 0
  m_CookingOptions: 14
  m_Mesh: {fileID: 10209, guid: 0000000000000000e000000000000000, type: 0}
--- !u!1 &3429172334512749928
GameObject:
  m_ObjectHideFlags: 0
  m_CorrespondingSourceObject: {fileID: 0}
  m_PrefabInstance: {fileID: 0}
  m_PrefabAsset: {fileID: 0}
  serializedVersion: 6
  m_Component:
  - component: {fileID: 3429172334512749929}
  m_Layer: 0
  m_Name: Area Object
  m_TagString: Untagged
  m_Icon: {fileID: 0}
  m_NavMeshLayer: 0
  m_StaticEditorFlags: 0
  m_IsActive: 1
--- !u!4 &3429172334512749929
Transform:
  m_ObjectHideFlags: 0
  m_CorrespondingSourceObject: {fileID: 0}
  m_PrefabInstance: {fileID: 0}
  m_PrefabAsset: {fileID: 0}
  m_GameObject: {fileID: 3429172334512749928}
  m_LocalRotation: {x: 0, y: 0, z: 0, w: 1}
  m_LocalPosition: {x: 0, y: 0, z: 0}
  m_LocalScale: {x: 3, y: 3, z: 3}
  m_Children:
  - {fileID: 3429172334472087189}
  - {fileID: 2474922124804385731}
  - {fileID: 2474922125274116052}
  - {fileID: 2474922125144286249}
  - {fileID: 2474922124828396160}
  - {fileID: 2474922124996959930}
  - {fileID: 2474922124714448045}
  - {fileID: 2474922125422614181}
  - {fileID: 2474922123876281616}
  - {fileID: 2474922123478450411}
  - {fileID: 2474922125530376858}
  m_Father: {fileID: 3429172333847333753}
  m_RootOrder: 1
  m_LocalEulerAnglesHint: {x: 0, y: 0, z: 0}
--- !u!1 &3429172334626582945
GameObject:
  m_ObjectHideFlags: 0
  m_CorrespondingSourceObject: {fileID: 0}
  m_PrefabInstance: {fileID: 0}
  m_PrefabAsset: {fileID: 0}
  serializedVersion: 6
  m_Component:
  - component: {fileID: 3429172334626582950}
  m_Layer: 0
  m_Name: BottomRight
  m_TagString: Untagged
  m_Icon: {fileID: 0}
  m_NavMeshLayer: 0
  m_StaticEditorFlags: 0
  m_IsActive: 1
--- !u!4 &3429172334626582950
Transform:
  m_ObjectHideFlags: 0
  m_CorrespondingSourceObject: {fileID: 0}
  m_PrefabInstance: {fileID: 0}
  m_PrefabAsset: {fileID: 0}
  m_GameObject: {fileID: 3429172334626582945}
  m_LocalRotation: {x: -0, y: -0, z: -0, w: 1}
  m_LocalPosition: {x: 3, y: 0, z: -3}
  m_LocalScale: {x: 1, y: 1, z: 1}
  m_Children: []
  m_Father: {fileID: 3429172333847333753}
  m_RootOrder: 4
  m_LocalEulerAnglesHint: {x: 0, y: 0, z: 0}
--- !u!114 &3429172333378837011
MonoBehaviour:
  m_ObjectHideFlags: 0
  m_CorrespondingSourceObject: {fileID: 0}
  m_PrefabInstance: {fileID: 0}
  m_PrefabAsset: {fileID: 0}
  m_GameObject: {fileID: 3523707902587101902}
  m_Enabled: 1
  m_EditorHideFlags: 0
  m_Script: {fileID: 11500000, guid: f33a4893689770d48905c5d4b0d376df, type: 3}
  m_Name: 
  m_EditorClassIdentifier: 
  interactable: {fileID: 5879528709061046567}
  worldTransform: {fileID: 3429172333847333753}
  startPos: {x: 0, y: 0, z: 0}
  areaObject: {fileID: 3429172334512749929}
  corners:
  - {fileID: 3429172334187138549}
  - {fileID: 3429172333649699081}
  - {fileID: 3429172334626582950}
  - {fileID: 3429172334406661198}
  pointObjectPrefab: {fileID: 4976726126249681716, guid: 4ceba5f931733f841b78d3eb33e51a57,
    type: 3}
  pointScale: 0.1
  pointMode: 1
  points:
  - {fileID: 2474922124804385731}
  - {fileID: 2474922125274116052}
  - {fileID: 2474922125144286249}
  - {fileID: 2474922124828396160}
  - {fileID: 2474922124996959930}
  - {fileID: 2474922124714448045}
  - {fileID: 2474922125422614181}
  - {fileID: 2474922123876281616}
  - {fileID: 2474922123478450411}
  - {fileID: 2474922125530376858}
  gridSize: {x: 5, y: 5}
  snapOnly: 1
  snapDistance: 1.1
  pointsVisited: []
  maxCountPointsVisited: 10
  reachedEnd: 0
--- !u!1001 &2474922123730614548
PrefabInstance:
  m_ObjectHideFlags: 0
  serializedVersion: 2
  m_Modification:
    m_TransformParent: {fileID: 2474922124714448045}
    m_Modifications:
    - target: {fileID: 4976726126249681716, guid: 4ceba5f931733f841b78d3eb33e51a57,
        type: 3}
      propertyPath: m_Name
      value: InteractablePositionObj
      objectReference: {fileID: 0}
    - target: {fileID: 2237487812308532528, guid: 4ceba5f931733f841b78d3eb33e51a57,
        type: 3}
      propertyPath: m_LocalPosition.x
      value: 0
      objectReference: {fileID: 0}
    - target: {fileID: 2237487812308532528, guid: 4ceba5f931733f841b78d3eb33e51a57,
        type: 3}
      propertyPath: m_LocalPosition.y
      value: 0
      objectReference: {fileID: 0}
    - target: {fileID: 2237487812308532528, guid: 4ceba5f931733f841b78d3eb33e51a57,
        type: 3}
      propertyPath: m_LocalPosition.z
      value: 0
      objectReference: {fileID: 0}
    - target: {fileID: 2237487812308532528, guid: 4ceba5f931733f841b78d3eb33e51a57,
        type: 3}
      propertyPath: m_LocalRotation.x
      value: 0
      objectReference: {fileID: 0}
    - target: {fileID: 2237487812308532528, guid: 4ceba5f931733f841b78d3eb33e51a57,
        type: 3}
      propertyPath: m_LocalRotation.y
      value: 0
      objectReference: {fileID: 0}
    - target: {fileID: 2237487812308532528, guid: 4ceba5f931733f841b78d3eb33e51a57,
        type: 3}
      propertyPath: m_LocalRotation.z
      value: 0
      objectReference: {fileID: 0}
    - target: {fileID: 2237487812308532528, guid: 4ceba5f931733f841b78d3eb33e51a57,
        type: 3}
      propertyPath: m_LocalRotation.w
      value: 1
      objectReference: {fileID: 0}
    - target: {fileID: 2237487812308532528, guid: 4ceba5f931733f841b78d3eb33e51a57,
        type: 3}
      propertyPath: m_RootOrder
      value: 0
      objectReference: {fileID: 0}
    - target: {fileID: 2237487812308532528, guid: 4ceba5f931733f841b78d3eb33e51a57,
        type: 3}
      propertyPath: m_LocalEulerAnglesHint.x
      value: 0
      objectReference: {fileID: 0}
    - target: {fileID: 2237487812308532528, guid: 4ceba5f931733f841b78d3eb33e51a57,
        type: 3}
      propertyPath: m_LocalEulerAnglesHint.y
      value: 0
      objectReference: {fileID: 0}
    - target: {fileID: 2237487812308532528, guid: 4ceba5f931733f841b78d3eb33e51a57,
        type: 3}
      propertyPath: m_LocalEulerAnglesHint.z
      value: 0
      objectReference: {fileID: 0}
    - target: {fileID: 2237487812308532528, guid: 4ceba5f931733f841b78d3eb33e51a57,
        type: 3}
      propertyPath: m_LocalScale.x
      value: 0.1
      objectReference: {fileID: 0}
    - target: {fileID: 2237487812308532528, guid: 4ceba5f931733f841b78d3eb33e51a57,
        type: 3}
      propertyPath: m_LocalScale.y
      value: 0.1
      objectReference: {fileID: 0}
    - target: {fileID: 2237487812308532528, guid: 4ceba5f931733f841b78d3eb33e51a57,
        type: 3}
      propertyPath: m_LocalScale.z
      value: 0.1
      objectReference: {fileID: 0}
    m_RemovedComponents: []
  m_SourcePrefab: {fileID: 100100000, guid: 4ceba5f931733f841b78d3eb33e51a57, type: 3}
--- !u!4 &4419605462612018212 stripped
Transform:
  m_CorrespondingSourceObject: {fileID: 2237487812308532528, guid: 4ceba5f931733f841b78d3eb33e51a57,
    type: 3}
  m_PrefabInstance: {fileID: 2474922123730614548}
  m_PrefabAsset: {fileID: 0}
--- !u!1001 &2474922123956104400
PrefabInstance:
  m_ObjectHideFlags: 0
  serializedVersion: 2
  m_Modification:
    m_TransformParent: {fileID: 2474922124828396160}
    m_Modifications:
    - target: {fileID: 4976726126249681716, guid: 4ceba5f931733f841b78d3eb33e51a57,
        type: 3}
      propertyPath: m_Name
      value: InteractablePositionObj
      objectReference: {fileID: 0}
    - target: {fileID: 2237487812308532528, guid: 4ceba5f931733f841b78d3eb33e51a57,
        type: 3}
      propertyPath: m_LocalPosition.x
      value: 0
      objectReference: {fileID: 0}
    - target: {fileID: 2237487812308532528, guid: 4ceba5f931733f841b78d3eb33e51a57,
        type: 3}
      propertyPath: m_LocalPosition.y
      value: 0
      objectReference: {fileID: 0}
    - target: {fileID: 2237487812308532528, guid: 4ceba5f931733f841b78d3eb33e51a57,
        type: 3}
      propertyPath: m_LocalPosition.z
      value: 0
      objectReference: {fileID: 0}
    - target: {fileID: 2237487812308532528, guid: 4ceba5f931733f841b78d3eb33e51a57,
        type: 3}
      propertyPath: m_LocalRotation.x
      value: 0
      objectReference: {fileID: 0}
    - target: {fileID: 2237487812308532528, guid: 4ceba5f931733f841b78d3eb33e51a57,
        type: 3}
      propertyPath: m_LocalRotation.y
      value: 0
      objectReference: {fileID: 0}
    - target: {fileID: 2237487812308532528, guid: 4ceba5f931733f841b78d3eb33e51a57,
        type: 3}
      propertyPath: m_LocalRotation.z
      value: 0
      objectReference: {fileID: 0}
    - target: {fileID: 2237487812308532528, guid: 4ceba5f931733f841b78d3eb33e51a57,
        type: 3}
      propertyPath: m_LocalRotation.w
      value: 1
      objectReference: {fileID: 0}
    - target: {fileID: 2237487812308532528, guid: 4ceba5f931733f841b78d3eb33e51a57,
        type: 3}
      propertyPath: m_RootOrder
      value: 0
      objectReference: {fileID: 0}
    - target: {fileID: 2237487812308532528, guid: 4ceba5f931733f841b78d3eb33e51a57,
        type: 3}
      propertyPath: m_LocalEulerAnglesHint.x
      value: 0
      objectReference: {fileID: 0}
    - target: {fileID: 2237487812308532528, guid: 4ceba5f931733f841b78d3eb33e51a57,
        type: 3}
      propertyPath: m_LocalEulerAnglesHint.y
      value: 0
      objectReference: {fileID: 0}
    - target: {fileID: 2237487812308532528, guid: 4ceba5f931733f841b78d3eb33e51a57,
        type: 3}
      propertyPath: m_LocalEulerAnglesHint.z
      value: 0
      objectReference: {fileID: 0}
    - target: {fileID: 2237487812308532528, guid: 4ceba5f931733f841b78d3eb33e51a57,
        type: 3}
      propertyPath: m_LocalScale.x
      value: 0.1
      objectReference: {fileID: 0}
    - target: {fileID: 2237487812308532528, guid: 4ceba5f931733f841b78d3eb33e51a57,
        type: 3}
      propertyPath: m_LocalScale.y
      value: 0.1
      objectReference: {fileID: 0}
    - target: {fileID: 2237487812308532528, guid: 4ceba5f931733f841b78d3eb33e51a57,
        type: 3}
      propertyPath: m_LocalScale.z
      value: 0.1
      objectReference: {fileID: 0}
    m_RemovedComponents: []
  m_SourcePrefab: {fileID: 100100000, guid: 4ceba5f931733f841b78d3eb33e51a57, type: 3}
--- !u!4 &4419605462853538272 stripped
Transform:
  m_CorrespondingSourceObject: {fileID: 2237487812308532528, guid: 4ceba5f931733f841b78d3eb33e51a57,
    type: 3}
  m_PrefabInstance: {fileID: 2474922123956104400}
  m_PrefabAsset: {fileID: 0}
--- !u!1001 &2474922124099132956
PrefabInstance:
  m_ObjectHideFlags: 0
  serializedVersion: 2
  m_Modification:
    m_TransformParent: {fileID: 2474922123478450411}
    m_Modifications:
    - target: {fileID: 4976726126249681716, guid: 4ceba5f931733f841b78d3eb33e51a57,
        type: 3}
      propertyPath: m_Name
      value: InteractablePositionObj
      objectReference: {fileID: 0}
    - target: {fileID: 2237487812308532528, guid: 4ceba5f931733f841b78d3eb33e51a57,
        type: 3}
      propertyPath: m_LocalPosition.x
      value: 0
      objectReference: {fileID: 0}
    - target: {fileID: 2237487812308532528, guid: 4ceba5f931733f841b78d3eb33e51a57,
        type: 3}
      propertyPath: m_LocalPosition.y
      value: 0
      objectReference: {fileID: 0}
    - target: {fileID: 2237487812308532528, guid: 4ceba5f931733f841b78d3eb33e51a57,
        type: 3}
      propertyPath: m_LocalPosition.z
      value: 0
      objectReference: {fileID: 0}
    - target: {fileID: 2237487812308532528, guid: 4ceba5f931733f841b78d3eb33e51a57,
        type: 3}
      propertyPath: m_LocalRotation.x
      value: 0
      objectReference: {fileID: 0}
    - target: {fileID: 2237487812308532528, guid: 4ceba5f931733f841b78d3eb33e51a57,
        type: 3}
      propertyPath: m_LocalRotation.y
      value: 0
      objectReference: {fileID: 0}
    - target: {fileID: 2237487812308532528, guid: 4ceba5f931733f841b78d3eb33e51a57,
        type: 3}
      propertyPath: m_LocalRotation.z
      value: 0
      objectReference: {fileID: 0}
    - target: {fileID: 2237487812308532528, guid: 4ceba5f931733f841b78d3eb33e51a57,
        type: 3}
      propertyPath: m_LocalRotation.w
      value: 1
      objectReference: {fileID: 0}
    - target: {fileID: 2237487812308532528, guid: 4ceba5f931733f841b78d3eb33e51a57,
        type: 3}
      propertyPath: m_RootOrder
      value: 0
      objectReference: {fileID: 0}
    - target: {fileID: 2237487812308532528, guid: 4ceba5f931733f841b78d3eb33e51a57,
        type: 3}
      propertyPath: m_LocalEulerAnglesHint.x
      value: 0
      objectReference: {fileID: 0}
    - target: {fileID: 2237487812308532528, guid: 4ceba5f931733f841b78d3eb33e51a57,
        type: 3}
      propertyPath: m_LocalEulerAnglesHint.y
      value: 0
      objectReference: {fileID: 0}
    - target: {fileID: 2237487812308532528, guid: 4ceba5f931733f841b78d3eb33e51a57,
        type: 3}
      propertyPath: m_LocalEulerAnglesHint.z
      value: 0
      objectReference: {fileID: 0}
    - target: {fileID: 2237487812308532528, guid: 4ceba5f931733f841b78d3eb33e51a57,
        type: 3}
      propertyPath: m_LocalScale.x
      value: 0.1
      objectReference: {fileID: 0}
    - target: {fileID: 2237487812308532528, guid: 4ceba5f931733f841b78d3eb33e51a57,
        type: 3}
      propertyPath: m_LocalScale.y
      value: 0.1
      objectReference: {fileID: 0}
    - target: {fileID: 2237487812308532528, guid: 4ceba5f931733f841b78d3eb33e51a57,
        type: 3}
      propertyPath: m_LocalScale.z
      value: 0.1
      objectReference: {fileID: 0}
    m_RemovedComponents: []
  m_SourcePrefab: {fileID: 100100000, guid: 4ceba5f931733f841b78d3eb33e51a57, type: 3}
--- !u!4 &4419605462979535660 stripped
Transform:
  m_CorrespondingSourceObject: {fileID: 2237487812308532528, guid: 4ceba5f931733f841b78d3eb33e51a57,
    type: 3}
  m_PrefabInstance: {fileID: 2474922124099132956}
  m_PrefabAsset: {fileID: 0}
--- !u!1001 &2474922124267009206
PrefabInstance:
  m_ObjectHideFlags: 0
  serializedVersion: 2
  m_Modification:
    m_TransformParent: {fileID: 2474922124804385731}
    m_Modifications:
    - target: {fileID: 4976726126249681716, guid: 4ceba5f931733f841b78d3eb33e51a57,
        type: 3}
      propertyPath: m_Name
      value: InteractablePositionObj
      objectReference: {fileID: 0}
    - target: {fileID: 2237487812308532528, guid: 4ceba5f931733f841b78d3eb33e51a57,
        type: 3}
      propertyPath: m_LocalPosition.x
      value: 0
      objectReference: {fileID: 0}
    - target: {fileID: 2237487812308532528, guid: 4ceba5f931733f841b78d3eb33e51a57,
        type: 3}
      propertyPath: m_LocalPosition.y
      value: 0
      objectReference: {fileID: 0}
    - target: {fileID: 2237487812308532528, guid: 4ceba5f931733f841b78d3eb33e51a57,
        type: 3}
      propertyPath: m_LocalPosition.z
      value: 0
      objectReference: {fileID: 0}
    - target: {fileID: 2237487812308532528, guid: 4ceba5f931733f841b78d3eb33e51a57,
        type: 3}
      propertyPath: m_LocalRotation.x
      value: 0
      objectReference: {fileID: 0}
    - target: {fileID: 2237487812308532528, guid: 4ceba5f931733f841b78d3eb33e51a57,
        type: 3}
      propertyPath: m_LocalRotation.y
      value: 0
      objectReference: {fileID: 0}
    - target: {fileID: 2237487812308532528, guid: 4ceba5f931733f841b78d3eb33e51a57,
        type: 3}
      propertyPath: m_LocalRotation.z
      value: 0
      objectReference: {fileID: 0}
    - target: {fileID: 2237487812308532528, guid: 4ceba5f931733f841b78d3eb33e51a57,
        type: 3}
      propertyPath: m_LocalRotation.w
      value: 1
      objectReference: {fileID: 0}
    - target: {fileID: 2237487812308532528, guid: 4ceba5f931733f841b78d3eb33e51a57,
        type: 3}
      propertyPath: m_RootOrder
      value: 0
      objectReference: {fileID: 0}
    - target: {fileID: 2237487812308532528, guid: 4ceba5f931733f841b78d3eb33e51a57,
        type: 3}
      propertyPath: m_LocalEulerAnglesHint.x
      value: 0
      objectReference: {fileID: 0}
    - target: {fileID: 2237487812308532528, guid: 4ceba5f931733f841b78d3eb33e51a57,
        type: 3}
      propertyPath: m_LocalEulerAnglesHint.y
      value: 0
      objectReference: {fileID: 0}
    - target: {fileID: 2237487812308532528, guid: 4ceba5f931733f841b78d3eb33e51a57,
        type: 3}
      propertyPath: m_LocalEulerAnglesHint.z
      value: 0
      objectReference: {fileID: 0}
    - target: {fileID: 2237487812308532528, guid: 4ceba5f931733f841b78d3eb33e51a57,
        type: 3}
      propertyPath: m_LocalScale.x
      value: 0.1
      objectReference: {fileID: 0}
    - target: {fileID: 2237487812308532528, guid: 4ceba5f931733f841b78d3eb33e51a57,
        type: 3}
      propertyPath: m_LocalScale.y
      value: 0.1
      objectReference: {fileID: 0}
    - target: {fileID: 2237487812308532528, guid: 4ceba5f931733f841b78d3eb33e51a57,
        type: 3}
      propertyPath: m_LocalScale.z
      value: 0.1
      objectReference: {fileID: 0}
    m_RemovedComponents: []
  m_SourcePrefab: {fileID: 100100000, guid: 4ceba5f931733f841b78d3eb33e51a57, type: 3}
--- !u!4 &4419605463148710278 stripped
Transform:
  m_CorrespondingSourceObject: {fileID: 2237487812308532528, guid: 4ceba5f931733f841b78d3eb33e51a57,
    type: 3}
  m_PrefabInstance: {fileID: 2474922124267009206}
  m_PrefabAsset: {fileID: 0}
--- !u!1001 &2474922124385656335
PrefabInstance:
  m_ObjectHideFlags: 0
  serializedVersion: 2
  m_Modification:
    m_TransformParent: {fileID: 2474922125144286249}
    m_Modifications:
    - target: {fileID: 4976726126249681716, guid: 4ceba5f931733f841b78d3eb33e51a57,
        type: 3}
      propertyPath: m_Name
      value: InteractablePositionObj
      objectReference: {fileID: 0}
    - target: {fileID: 2237487812308532528, guid: 4ceba5f931733f841b78d3eb33e51a57,
        type: 3}
      propertyPath: m_LocalPosition.x
      value: 0
      objectReference: {fileID: 0}
    - target: {fileID: 2237487812308532528, guid: 4ceba5f931733f841b78d3eb33e51a57,
        type: 3}
      propertyPath: m_LocalPosition.y
      value: 0
      objectReference: {fileID: 0}
    - target: {fileID: 2237487812308532528, guid: 4ceba5f931733f841b78d3eb33e51a57,
        type: 3}
      propertyPath: m_LocalPosition.z
      value: 0
      objectReference: {fileID: 0}
    - target: {fileID: 2237487812308532528, guid: 4ceba5f931733f841b78d3eb33e51a57,
        type: 3}
      propertyPath: m_LocalRotation.x
      value: 0
      objectReference: {fileID: 0}
    - target: {fileID: 2237487812308532528, guid: 4ceba5f931733f841b78d3eb33e51a57,
        type: 3}
      propertyPath: m_LocalRotation.y
      value: 0
      objectReference: {fileID: 0}
    - target: {fileID: 2237487812308532528, guid: 4ceba5f931733f841b78d3eb33e51a57,
        type: 3}
      propertyPath: m_LocalRotation.z
      value: 0
      objectReference: {fileID: 0}
    - target: {fileID: 2237487812308532528, guid: 4ceba5f931733f841b78d3eb33e51a57,
        type: 3}
      propertyPath: m_LocalRotation.w
      value: 1
      objectReference: {fileID: 0}
    - target: {fileID: 2237487812308532528, guid: 4ceba5f931733f841b78d3eb33e51a57,
        type: 3}
      propertyPath: m_RootOrder
      value: 0
      objectReference: {fileID: 0}
    - target: {fileID: 2237487812308532528, guid: 4ceba5f931733f841b78d3eb33e51a57,
        type: 3}
      propertyPath: m_LocalEulerAnglesHint.x
      value: 0
      objectReference: {fileID: 0}
    - target: {fileID: 2237487812308532528, guid: 4ceba5f931733f841b78d3eb33e51a57,
        type: 3}
      propertyPath: m_LocalEulerAnglesHint.y
      value: 0
      objectReference: {fileID: 0}
    - target: {fileID: 2237487812308532528, guid: 4ceba5f931733f841b78d3eb33e51a57,
        type: 3}
      propertyPath: m_LocalEulerAnglesHint.z
      value: 0
      objectReference: {fileID: 0}
    - target: {fileID: 2237487812308532528, guid: 4ceba5f931733f841b78d3eb33e51a57,
        type: 3}
      propertyPath: m_LocalScale.x
      value: 0.1
      objectReference: {fileID: 0}
    - target: {fileID: 2237487812308532528, guid: 4ceba5f931733f841b78d3eb33e51a57,
        type: 3}
      propertyPath: m_LocalScale.y
      value: 0.1
      objectReference: {fileID: 0}
    - target: {fileID: 2237487812308532528, guid: 4ceba5f931733f841b78d3eb33e51a57,
        type: 3}
      propertyPath: m_LocalScale.z
      value: 0.1
      objectReference: {fileID: 0}
    m_RemovedComponents: []
  m_SourcePrefab: {fileID: 100100000, guid: 4ceba5f931733f841b78d3eb33e51a57, type: 3}
--- !u!4 &4419605463296467775 stripped
Transform:
  m_CorrespondingSourceObject: {fileID: 2237487812308532528, guid: 4ceba5f931733f841b78d3eb33e51a57,
    type: 3}
  m_PrefabInstance: {fileID: 2474922124385656335}
  m_PrefabAsset: {fileID: 0}
--- !u!1001 &2474922124445153551
PrefabInstance:
  m_ObjectHideFlags: 0
  serializedVersion: 2
  m_Modification:
    m_TransformParent: {fileID: 2474922125422614181}
    m_Modifications:
    - target: {fileID: 4976726126249681716, guid: 4ceba5f931733f841b78d3eb33e51a57,
        type: 3}
      propertyPath: m_Name
      value: InteractablePositionObj
      objectReference: {fileID: 0}
    - target: {fileID: 2237487812308532528, guid: 4ceba5f931733f841b78d3eb33e51a57,
        type: 3}
      propertyPath: m_LocalPosition.x
      value: 0
      objectReference: {fileID: 0}
    - target: {fileID: 2237487812308532528, guid: 4ceba5f931733f841b78d3eb33e51a57,
        type: 3}
      propertyPath: m_LocalPosition.y
      value: 0
      objectReference: {fileID: 0}
    - target: {fileID: 2237487812308532528, guid: 4ceba5f931733f841b78d3eb33e51a57,
        type: 3}
      propertyPath: m_LocalPosition.z
      value: 0
      objectReference: {fileID: 0}
    - target: {fileID: 2237487812308532528, guid: 4ceba5f931733f841b78d3eb33e51a57,
        type: 3}
      propertyPath: m_LocalRotation.x
      value: 0
      objectReference: {fileID: 0}
    - target: {fileID: 2237487812308532528, guid: 4ceba5f931733f841b78d3eb33e51a57,
        type: 3}
      propertyPath: m_LocalRotation.y
      value: 0
      objectReference: {fileID: 0}
    - target: {fileID: 2237487812308532528, guid: 4ceba5f931733f841b78d3eb33e51a57,
        type: 3}
      propertyPath: m_LocalRotation.z
      value: 0
      objectReference: {fileID: 0}
    - target: {fileID: 2237487812308532528, guid: 4ceba5f931733f841b78d3eb33e51a57,
        type: 3}
      propertyPath: m_LocalRotation.w
      value: 1
      objectReference: {fileID: 0}
    - target: {fileID: 2237487812308532528, guid: 4ceba5f931733f841b78d3eb33e51a57,
        type: 3}
      propertyPath: m_RootOrder
      value: 0
      objectReference: {fileID: 0}
    - target: {fileID: 2237487812308532528, guid: 4ceba5f931733f841b78d3eb33e51a57,
        type: 3}
      propertyPath: m_LocalEulerAnglesHint.x
      value: 0
      objectReference: {fileID: 0}
    - target: {fileID: 2237487812308532528, guid: 4ceba5f931733f841b78d3eb33e51a57,
        type: 3}
      propertyPath: m_LocalEulerAnglesHint.y
      value: 0
      objectReference: {fileID: 0}
    - target: {fileID: 2237487812308532528, guid: 4ceba5f931733f841b78d3eb33e51a57,
        type: 3}
      propertyPath: m_LocalEulerAnglesHint.z
      value: 0
      objectReference: {fileID: 0}
    - target: {fileID: 2237487812308532528, guid: 4ceba5f931733f841b78d3eb33e51a57,
        type: 3}
      propertyPath: m_LocalScale.x
      value: 0.1
      objectReference: {fileID: 0}
    - target: {fileID: 2237487812308532528, guid: 4ceba5f931733f841b78d3eb33e51a57,
        type: 3}
      propertyPath: m_LocalScale.y
      value: 0.1
      objectReference: {fileID: 0}
    - target: {fileID: 2237487812308532528, guid: 4ceba5f931733f841b78d3eb33e51a57,
        type: 3}
      propertyPath: m_LocalScale.z
      value: 0.1
      objectReference: {fileID: 0}
    m_RemovedComponents: []
  m_SourcePrefab: {fileID: 100100000, guid: 4ceba5f931733f841b78d3eb33e51a57, type: 3}
--- !u!4 &4419605463371646015 stripped
Transform:
  m_CorrespondingSourceObject: {fileID: 2237487812308532528, guid: 4ceba5f931733f841b78d3eb33e51a57,
    type: 3}
  m_PrefabInstance: {fileID: 2474922124445153551}
  m_PrefabAsset: {fileID: 0}
--- !u!1001 &2474922124572557987
PrefabInstance:
  m_ObjectHideFlags: 0
  serializedVersion: 2
  m_Modification:
    m_TransformParent: {fileID: 2474922125274116052}
    m_Modifications:
    - target: {fileID: 4976726126249681716, guid: 4ceba5f931733f841b78d3eb33e51a57,
        type: 3}
      propertyPath: m_Name
      value: InteractablePositionObj
      objectReference: {fileID: 0}
    - target: {fileID: 2237487812308532528, guid: 4ceba5f931733f841b78d3eb33e51a57,
        type: 3}
      propertyPath: m_LocalPosition.x
      value: 0
      objectReference: {fileID: 0}
    - target: {fileID: 2237487812308532528, guid: 4ceba5f931733f841b78d3eb33e51a57,
        type: 3}
      propertyPath: m_LocalPosition.y
      value: 0
      objectReference: {fileID: 0}
    - target: {fileID: 2237487812308532528, guid: 4ceba5f931733f841b78d3eb33e51a57,
        type: 3}
      propertyPath: m_LocalPosition.z
      value: 0
      objectReference: {fileID: 0}
    - target: {fileID: 2237487812308532528, guid: 4ceba5f931733f841b78d3eb33e51a57,
        type: 3}
      propertyPath: m_LocalRotation.x
      value: 0
      objectReference: {fileID: 0}
    - target: {fileID: 2237487812308532528, guid: 4ceba5f931733f841b78d3eb33e51a57,
        type: 3}
      propertyPath: m_LocalRotation.y
      value: 0
      objectReference: {fileID: 0}
    - target: {fileID: 2237487812308532528, guid: 4ceba5f931733f841b78d3eb33e51a57,
        type: 3}
      propertyPath: m_LocalRotation.z
      value: 0
      objectReference: {fileID: 0}
    - target: {fileID: 2237487812308532528, guid: 4ceba5f931733f841b78d3eb33e51a57,
        type: 3}
      propertyPath: m_LocalRotation.w
      value: 1
      objectReference: {fileID: 0}
    - target: {fileID: 2237487812308532528, guid: 4ceba5f931733f841b78d3eb33e51a57,
        type: 3}
      propertyPath: m_RootOrder
      value: 0
      objectReference: {fileID: 0}
    - target: {fileID: 2237487812308532528, guid: 4ceba5f931733f841b78d3eb33e51a57,
        type: 3}
      propertyPath: m_LocalEulerAnglesHint.x
      value: 0
      objectReference: {fileID: 0}
    - target: {fileID: 2237487812308532528, guid: 4ceba5f931733f841b78d3eb33e51a57,
        type: 3}
      propertyPath: m_LocalEulerAnglesHint.y
      value: 0
      objectReference: {fileID: 0}
    - target: {fileID: 2237487812308532528, guid: 4ceba5f931733f841b78d3eb33e51a57,
        type: 3}
      propertyPath: m_LocalEulerAnglesHint.z
      value: 0
      objectReference: {fileID: 0}
    - target: {fileID: 2237487812308532528, guid: 4ceba5f931733f841b78d3eb33e51a57,
        type: 3}
      propertyPath: m_LocalScale.x
      value: 0.1
      objectReference: {fileID: 0}
    - target: {fileID: 2237487812308532528, guid: 4ceba5f931733f841b78d3eb33e51a57,
        type: 3}
      propertyPath: m_LocalScale.y
      value: 0.1
      objectReference: {fileID: 0}
    - target: {fileID: 2237487812308532528, guid: 4ceba5f931733f841b78d3eb33e51a57,
        type: 3}
      propertyPath: m_LocalScale.z
      value: 0.1
      objectReference: {fileID: 0}
    m_RemovedComponents: []
  m_SourcePrefab: {fileID: 100100000, guid: 4ceba5f931733f841b78d3eb33e51a57, type: 3}
--- !u!4 &4419605463445634963 stripped
Transform:
  m_CorrespondingSourceObject: {fileID: 2237487812308532528, guid: 4ceba5f931733f841b78d3eb33e51a57,
    type: 3}
  m_PrefabInstance: {fileID: 2474922124572557987}
  m_PrefabAsset: {fileID: 0}
--- !u!1001 &2474922124951728052
PrefabInstance:
  m_ObjectHideFlags: 0
  serializedVersion: 2
  m_Modification:
    m_TransformParent: {fileID: 2474922123876281616}
    m_Modifications:
    - target: {fileID: 4976726126249681716, guid: 4ceba5f931733f841b78d3eb33e51a57,
        type: 3}
      propertyPath: m_Name
      value: InteractablePositionObj
      objectReference: {fileID: 0}
    - target: {fileID: 2237487812308532528, guid: 4ceba5f931733f841b78d3eb33e51a57,
        type: 3}
      propertyPath: m_LocalPosition.x
      value: 0
      objectReference: {fileID: 0}
    - target: {fileID: 2237487812308532528, guid: 4ceba5f931733f841b78d3eb33e51a57,
        type: 3}
      propertyPath: m_LocalPosition.y
      value: 0
      objectReference: {fileID: 0}
    - target: {fileID: 2237487812308532528, guid: 4ceba5f931733f841b78d3eb33e51a57,
        type: 3}
      propertyPath: m_LocalPosition.z
      value: 0
      objectReference: {fileID: 0}
    - target: {fileID: 2237487812308532528, guid: 4ceba5f931733f841b78d3eb33e51a57,
        type: 3}
      propertyPath: m_LocalRotation.x
      value: 0
      objectReference: {fileID: 0}
    - target: {fileID: 2237487812308532528, guid: 4ceba5f931733f841b78d3eb33e51a57,
        type: 3}
      propertyPath: m_LocalRotation.y
      value: 0
      objectReference: {fileID: 0}
    - target: {fileID: 2237487812308532528, guid: 4ceba5f931733f841b78d3eb33e51a57,
        type: 3}
      propertyPath: m_LocalRotation.z
      value: 0
      objectReference: {fileID: 0}
    - target: {fileID: 2237487812308532528, guid: 4ceba5f931733f841b78d3eb33e51a57,
        type: 3}
      propertyPath: m_LocalRotation.w
      value: 1
      objectReference: {fileID: 0}
    - target: {fileID: 2237487812308532528, guid: 4ceba5f931733f841b78d3eb33e51a57,
        type: 3}
      propertyPath: m_RootOrder
      value: 0
      objectReference: {fileID: 0}
    - target: {fileID: 2237487812308532528, guid: 4ceba5f931733f841b78d3eb33e51a57,
        type: 3}
      propertyPath: m_LocalEulerAnglesHint.x
      value: 0
      objectReference: {fileID: 0}
    - target: {fileID: 2237487812308532528, guid: 4ceba5f931733f841b78d3eb33e51a57,
        type: 3}
      propertyPath: m_LocalEulerAnglesHint.y
      value: 0
      objectReference: {fileID: 0}
    - target: {fileID: 2237487812308532528, guid: 4ceba5f931733f841b78d3eb33e51a57,
        type: 3}
      propertyPath: m_LocalEulerAnglesHint.z
      value: 0
      objectReference: {fileID: 0}
    - target: {fileID: 2237487812308532528, guid: 4ceba5f931733f841b78d3eb33e51a57,
        type: 3}
      propertyPath: m_LocalScale.x
      value: 0.1
      objectReference: {fileID: 0}
    - target: {fileID: 2237487812308532528, guid: 4ceba5f931733f841b78d3eb33e51a57,
        type: 3}
      propertyPath: m_LocalScale.y
      value: 0.1
      objectReference: {fileID: 0}
    - target: {fileID: 2237487812308532528, guid: 4ceba5f931733f841b78d3eb33e51a57,
        type: 3}
      propertyPath: m_LocalScale.z
      value: 0.1
      objectReference: {fileID: 0}
    m_RemovedComponents: []
  m_SourcePrefab: {fileID: 100100000, guid: 4ceba5f931733f841b78d3eb33e51a57, type: 3}
--- !u!4 &4419605463871181444 stripped
Transform:
  m_CorrespondingSourceObject: {fileID: 2237487812308532528, guid: 4ceba5f931733f841b78d3eb33e51a57,
    type: 3}
  m_PrefabInstance: {fileID: 2474922124951728052}
  m_PrefabAsset: {fileID: 0}
--- !u!1001 &2474922125152213225
PrefabInstance:
  m_ObjectHideFlags: 0
  serializedVersion: 2
  m_Modification:
    m_TransformParent: {fileID: 2474922125530376858}
    m_Modifications:
    - target: {fileID: 4976726126249681716, guid: 4ceba5f931733f841b78d3eb33e51a57,
        type: 3}
      propertyPath: m_Name
      value: InteractablePositionObj
      objectReference: {fileID: 0}
    - target: {fileID: 2237487812308532528, guid: 4ceba5f931733f841b78d3eb33e51a57,
        type: 3}
      propertyPath: m_LocalPosition.x
      value: 0
      objectReference: {fileID: 0}
    - target: {fileID: 2237487812308532528, guid: 4ceba5f931733f841b78d3eb33e51a57,
        type: 3}
      propertyPath: m_LocalPosition.y
      value: 0
      objectReference: {fileID: 0}
    - target: {fileID: 2237487812308532528, guid: 4ceba5f931733f841b78d3eb33e51a57,
        type: 3}
      propertyPath: m_LocalPosition.z
      value: 0
      objectReference: {fileID: 0}
    - target: {fileID: 2237487812308532528, guid: 4ceba5f931733f841b78d3eb33e51a57,
        type: 3}
      propertyPath: m_LocalRotation.x
      value: 0
      objectReference: {fileID: 0}
    - target: {fileID: 2237487812308532528, guid: 4ceba5f931733f841b78d3eb33e51a57,
        type: 3}
      propertyPath: m_LocalRotation.y
      value: 0
      objectReference: {fileID: 0}
    - target: {fileID: 2237487812308532528, guid: 4ceba5f931733f841b78d3eb33e51a57,
        type: 3}
      propertyPath: m_LocalRotation.z
      value: 0
      objectReference: {fileID: 0}
    - target: {fileID: 2237487812308532528, guid: 4ceba5f931733f841b78d3eb33e51a57,
        type: 3}
      propertyPath: m_LocalRotation.w
      value: 1
      objectReference: {fileID: 0}
    - target: {fileID: 2237487812308532528, guid: 4ceba5f931733f841b78d3eb33e51a57,
        type: 3}
      propertyPath: m_RootOrder
      value: 0
      objectReference: {fileID: 0}
    - target: {fileID: 2237487812308532528, guid: 4ceba5f931733f841b78d3eb33e51a57,
        type: 3}
      propertyPath: m_LocalEulerAnglesHint.x
      value: 0
      objectReference: {fileID: 0}
    - target: {fileID: 2237487812308532528, guid: 4ceba5f931733f841b78d3eb33e51a57,
        type: 3}
      propertyPath: m_LocalEulerAnglesHint.y
      value: 0
      objectReference: {fileID: 0}
    - target: {fileID: 2237487812308532528, guid: 4ceba5f931733f841b78d3eb33e51a57,
        type: 3}
      propertyPath: m_LocalEulerAnglesHint.z
      value: 0
      objectReference: {fileID: 0}
    - target: {fileID: 2237487812308532528, guid: 4ceba5f931733f841b78d3eb33e51a57,
        type: 3}
      propertyPath: m_LocalScale.x
      value: 0.1
      objectReference: {fileID: 0}
    - target: {fileID: 2237487812308532528, guid: 4ceba5f931733f841b78d3eb33e51a57,
        type: 3}
      propertyPath: m_LocalScale.y
      value: 0.1
      objectReference: {fileID: 0}
    - target: {fileID: 2237487812308532528, guid: 4ceba5f931733f841b78d3eb33e51a57,
        type: 3}
      propertyPath: m_LocalScale.z
      value: 0.1
      objectReference: {fileID: 0}
    m_RemovedComponents: []
  m_SourcePrefab: {fileID: 100100000, guid: 4ceba5f931733f841b78d3eb33e51a57, type: 3}
--- !u!4 &4419605464075576793 stripped
Transform:
  m_CorrespondingSourceObject: {fileID: 2237487812308532528, guid: 4ceba5f931733f841b78d3eb33e51a57,
    type: 3}
  m_PrefabInstance: {fileID: 2474922125152213225}
  m_PrefabAsset: {fileID: 0}
--- !u!1001 &2474922125507953552
PrefabInstance:
  m_ObjectHideFlags: 0
  serializedVersion: 2
  m_Modification:
    m_TransformParent: {fileID: 2474922124996959930}
    m_Modifications:
    - target: {fileID: 4976726126249681716, guid: 4ceba5f931733f841b78d3eb33e51a57,
        type: 3}
      propertyPath: m_Name
      value: InteractablePositionObj
      objectReference: {fileID: 0}
    - target: {fileID: 2237487812308532528, guid: 4ceba5f931733f841b78d3eb33e51a57,
        type: 3}
      propertyPath: m_LocalPosition.x
      value: 0
      objectReference: {fileID: 0}
    - target: {fileID: 2237487812308532528, guid: 4ceba5f931733f841b78d3eb33e51a57,
        type: 3}
      propertyPath: m_LocalPosition.y
      value: 0
      objectReference: {fileID: 0}
    - target: {fileID: 2237487812308532528, guid: 4ceba5f931733f841b78d3eb33e51a57,
        type: 3}
      propertyPath: m_LocalPosition.z
      value: 0
      objectReference: {fileID: 0}
    - target: {fileID: 2237487812308532528, guid: 4ceba5f931733f841b78d3eb33e51a57,
        type: 3}
      propertyPath: m_LocalRotation.x
      value: 0
      objectReference: {fileID: 0}
    - target: {fileID: 2237487812308532528, guid: 4ceba5f931733f841b78d3eb33e51a57,
        type: 3}
      propertyPath: m_LocalRotation.y
      value: 0
      objectReference: {fileID: 0}
    - target: {fileID: 2237487812308532528, guid: 4ceba5f931733f841b78d3eb33e51a57,
        type: 3}
      propertyPath: m_LocalRotation.z
      value: 0
      objectReference: {fileID: 0}
    - target: {fileID: 2237487812308532528, guid: 4ceba5f931733f841b78d3eb33e51a57,
        type: 3}
      propertyPath: m_LocalRotation.w
      value: 1
      objectReference: {fileID: 0}
    - target: {fileID: 2237487812308532528, guid: 4ceba5f931733f841b78d3eb33e51a57,
        type: 3}
      propertyPath: m_RootOrder
      value: 0
      objectReference: {fileID: 0}
    - target: {fileID: 2237487812308532528, guid: 4ceba5f931733f841b78d3eb33e51a57,
        type: 3}
      propertyPath: m_LocalEulerAnglesHint.x
      value: 0
      objectReference: {fileID: 0}
    - target: {fileID: 2237487812308532528, guid: 4ceba5f931733f841b78d3eb33e51a57,
        type: 3}
      propertyPath: m_LocalEulerAnglesHint.y
      value: 0
      objectReference: {fileID: 0}
    - target: {fileID: 2237487812308532528, guid: 4ceba5f931733f841b78d3eb33e51a57,
        type: 3}
      propertyPath: m_LocalEulerAnglesHint.z
      value: 0
      objectReference: {fileID: 0}
    - target: {fileID: 2237487812308532528, guid: 4ceba5f931733f841b78d3eb33e51a57,
        type: 3}
      propertyPath: m_LocalScale.x
      value: 0.1
      objectReference: {fileID: 0}
    - target: {fileID: 2237487812308532528, guid: 4ceba5f931733f841b78d3eb33e51a57,
        type: 3}
      propertyPath: m_LocalScale.y
      value: 0.1
      objectReference: {fileID: 0}
    - target: {fileID: 2237487812308532528, guid: 4ceba5f931733f841b78d3eb33e51a57,
        type: 3}
      propertyPath: m_LocalScale.z
      value: 0.1
      objectReference: {fileID: 0}
    m_RemovedComponents: []
  m_SourcePrefab: {fileID: 100100000, guid: 4ceba5f931733f841b78d3eb33e51a57, type: 3}
--- !u!4 &4419605464388632224 stripped
Transform:
  m_CorrespondingSourceObject: {fileID: 2237487812308532528, guid: 4ceba5f931733f841b78d3eb33e51a57,
    type: 3}
  m_PrefabInstance: {fileID: 2474922125507953552}
  m_PrefabAsset: {fileID: 0}
--- !u!1001 &3429172333378837015
PrefabInstance:
  m_ObjectHideFlags: 0
  serializedVersion: 2
  m_Modification:
    m_TransformParent: {fileID: 3429172333632088690}
    m_Modifications:
    - target: {fileID: 2265424663634278617, guid: 90fcb1f9682cd2540bedae525b15e131,
        type: 3}
      propertyPath: m_Name
      value: Interactable
      objectReference: {fileID: 0}
    - target: {fileID: 847080739605385098, guid: 90fcb1f9682cd2540bedae525b15e131,
        type: 3}
      propertyPath: m_LocalPosition.x
      value: 0
      objectReference: {fileID: 0}
    - target: {fileID: 847080739605385098, guid: 90fcb1f9682cd2540bedae525b15e131,
        type: 3}
      propertyPath: m_LocalPosition.y
      value: 0
      objectReference: {fileID: 0}
    - target: {fileID: 847080739605385098, guid: 90fcb1f9682cd2540bedae525b15e131,
        type: 3}
      propertyPath: m_LocalPosition.z
      value: 0
      objectReference: {fileID: 0}
    - target: {fileID: 847080739605385098, guid: 90fcb1f9682cd2540bedae525b15e131,
        type: 3}
      propertyPath: m_LocalRotation.x
      value: 0
      objectReference: {fileID: 0}
    - target: {fileID: 847080739605385098, guid: 90fcb1f9682cd2540bedae525b15e131,
        type: 3}
      propertyPath: m_LocalRotation.y
      value: 0
      objectReference: {fileID: 0}
    - target: {fileID: 847080739605385098, guid: 90fcb1f9682cd2540bedae525b15e131,
        type: 3}
      propertyPath: m_LocalRotation.z
      value: 0
      objectReference: {fileID: 0}
    - target: {fileID: 847080739605385098, guid: 90fcb1f9682cd2540bedae525b15e131,
        type: 3}
      propertyPath: m_LocalRotation.w
      value: 1
      objectReference: {fileID: 0}
    - target: {fileID: 847080739605385098, guid: 90fcb1f9682cd2540bedae525b15e131,
        type: 3}
      propertyPath: m_RootOrder
      value: 0
      objectReference: {fileID: 0}
    - target: {fileID: 847080739605385098, guid: 90fcb1f9682cd2540bedae525b15e131,
        type: 3}
      propertyPath: m_LocalEulerAnglesHint.x
      value: 0
      objectReference: {fileID: 0}
    - target: {fileID: 847080739605385098, guid: 90fcb1f9682cd2540bedae525b15e131,
        type: 3}
      propertyPath: m_LocalEulerAnglesHint.y
      value: 0
      objectReference: {fileID: 0}
    - target: {fileID: 847080739605385098, guid: 90fcb1f9682cd2540bedae525b15e131,
        type: 3}
      propertyPath: m_LocalEulerAnglesHint.z
      value: 0
      objectReference: {fileID: 0}
    - target: {fileID: 847080739605385098, guid: 90fcb1f9682cd2540bedae525b15e131,
        type: 3}
      propertyPath: m_LocalScale.z
      value: 1
      objectReference: {fileID: 0}
    - target: {fileID: 9083362580402006832, guid: 90fcb1f9682cd2540bedae525b15e131,
        type: 3}
      propertyPath: mainObject
      value: 
      objectReference: {fileID: 3429172333632088685}
    - target: {fileID: 9083362580402006832, guid: 90fcb1f9682cd2540bedae525b15e131,
        type: 3}
      propertyPath: mainCollider
      value: 
      objectReference: {fileID: 3429172333632088688}
    - target: {fileID: 9083362580402006832, guid: 90fcb1f9682cd2540bedae525b15e131,
        type: 3}
      propertyPath: rigidBody
      value: 
      objectReference: {fileID: 3429172333632088691}
    - target: {fileID: 9083362580402006832, guid: 90fcb1f9682cd2540bedae525b15e131,
        type: 3}
      propertyPath: useGravity
      value: 1
      objectReference: {fileID: 0}
    - target: {fileID: 9083362580402006832, guid: 90fcb1f9682cd2540bedae525b15e131,
        type: 3}
      propertyPath: interactableType
      value: 3
      objectReference: {fileID: 0}
    - target: {fileID: 9083362580402006832, guid: 90fcb1f9682cd2540bedae525b15e131,
        type: 3}
      propertyPath: interactableBehaviour
      value: 
      objectReference: {fileID: 3429172333378837011}
    - target: {fileID: 61976787631276258, guid: 90fcb1f9682cd2540bedae525b15e131,
        type: 3}
      propertyPath: m_IsTrigger
      value: 1
      objectReference: {fileID: 0}
    m_RemovedComponents:
    - {fileID: 7910591390827413212, guid: 90fcb1f9682cd2540bedae525b15e131, type: 3}
  m_SourcePrefab: {fileID: 100100000, guid: 90fcb1f9682cd2540bedae525b15e131, type: 3}
--- !u!1 &3523707902587101902 stripped
GameObject:
  m_CorrespondingSourceObject: {fileID: 2265424663634278617, guid: 90fcb1f9682cd2540bedae525b15e131,
    type: 3}
  m_PrefabInstance: {fileID: 3429172333378837015}
  m_PrefabAsset: {fileID: 0}
--- !u!114 &5879528709061046567 stripped
MonoBehaviour:
  m_CorrespondingSourceObject: {fileID: 9083362580402006832, guid: 90fcb1f9682cd2540bedae525b15e131,
    type: 3}
  m_PrefabInstance: {fileID: 3429172333378837015}
  m_PrefabAsset: {fileID: 0}
  m_GameObject: {fileID: 3523707902587101902}
  m_Enabled: 1
  m_EditorHideFlags: 0
  m_Script: {fileID: 11500000, guid: 891ca12236342574896a268ef7ad691c, type: 3}
  m_Name: 
  m_EditorClassIdentifier: 
--- !u!4 &2618756735302997405 stripped
Transform:
  m_CorrespondingSourceObject: {fileID: 847080739605385098, guid: 90fcb1f9682cd2540bedae525b15e131,
    type: 3}
  m_PrefabInstance: {fileID: 3429172333378837015}
  m_PrefabAsset: {fileID: 0}
--- !u!1001 &3429172335117241948
PrefabInstance:
  m_ObjectHideFlags: 0
  serializedVersion: 2
  m_Modification:
    m_TransformParent: {fileID: 3429172333632088690}
    m_Modifications:
    - target: {fileID: 903795250523544749, guid: 7aa35778395471849ade54188762546e,
        type: 3}
      propertyPath: m_Name
      value: WandInteractable
      objectReference: {fileID: 0}
    - target: {fileID: 903795250523544739, guid: 7aa35778395471849ade54188762546e,
        type: 3}
      propertyPath: m_LocalPosition.x
      value: 0
      objectReference: {fileID: 0}
    - target: {fileID: 903795250523544739, guid: 7aa35778395471849ade54188762546e,
        type: 3}
      propertyPath: m_LocalPosition.y
      value: 0
      objectReference: {fileID: 0}
    - target: {fileID: 903795250523544739, guid: 7aa35778395471849ade54188762546e,
        type: 3}
      propertyPath: m_LocalPosition.z
      value: 0
      objectReference: {fileID: 0}
    - target: {fileID: 903795250523544739, guid: 7aa35778395471849ade54188762546e,
        type: 3}
      propertyPath: m_LocalRotation.x
      value: 0
      objectReference: {fileID: 0}
    - target: {fileID: 903795250523544739, guid: 7aa35778395471849ade54188762546e,
        type: 3}
      propertyPath: m_LocalRotation.y
      value: 0
      objectReference: {fileID: 0}
    - target: {fileID: 903795250523544739, guid: 7aa35778395471849ade54188762546e,
        type: 3}
      propertyPath: m_LocalRotation.z
      value: 0
      objectReference: {fileID: 0}
    - target: {fileID: 903795250523544739, guid: 7aa35778395471849ade54188762546e,
        type: 3}
      propertyPath: m_LocalRotation.w
      value: 1
      objectReference: {fileID: 0}
    - target: {fileID: 903795250523544739, guid: 7aa35778395471849ade54188762546e,
        type: 3}
      propertyPath: m_RootOrder
      value: 1
      objectReference: {fileID: 0}
    - target: {fileID: 903795250523544739, guid: 7aa35778395471849ade54188762546e,
        type: 3}
      propertyPath: m_LocalEulerAnglesHint.x
      value: 0
      objectReference: {fileID: 0}
    - target: {fileID: 903795250523544739, guid: 7aa35778395471849ade54188762546e,
        type: 3}
      propertyPath: m_LocalEulerAnglesHint.y
      value: 0
      objectReference: {fileID: 0}
    - target: {fileID: 903795250523544739, guid: 7aa35778395471849ade54188762546e,
        type: 3}
      propertyPath: m_LocalEulerAnglesHint.z
      value: 0
      objectReference: {fileID: 0}
    - target: {fileID: 5747857363585979745, guid: 7aa35778395471849ade54188762546e,
        type: 3}
      propertyPath: mainObject
      value: 
      objectReference: {fileID: 8588179047816236699, guid: 8c53821f2ea1d37499da1b05fd3fd3dc,
        type: 3}
    - target: {fileID: 5747857363585979745, guid: 7aa35778395471849ade54188762546e,
        type: 3}
      propertyPath: mainCollider
      value: 
      objectReference: {fileID: 8588179047816236678, guid: 8c53821f2ea1d37499da1b05fd3fd3dc,
        type: 3}
    - target: {fileID: 5747857363585979745, guid: 7aa35778395471849ade54188762546e,
        type: 3}
      propertyPath: rigidBody
      value: 
      objectReference: {fileID: 8588179047816236677, guid: 8c53821f2ea1d37499da1b05fd3fd3dc,
        type: 3}
    - target: {fileID: 5747857363585979745, guid: 7aa35778395471849ade54188762546e,
        type: 3}
      propertyPath: useGravity
      value: 1
      objectReference: {fileID: 0}
    m_RemovedComponents: []
  m_SourcePrefab: {fileID: 100100000, guid: 7aa35778395471849ade54188762546e, type: 3}
--- !u!4 &2529953080228090623 stripped
Transform:
  m_CorrespondingSourceObject: {fileID: 903795250523544739, guid: 7aa35778395471849ade54188762546e,
    type: 3}
  m_PrefabInstance: {fileID: 3429172335117241948}
  m_PrefabAsset: {fileID: 0}
