%YAML 1.1
%TAG !u! tag:unity3d.com,2011:
--- !u!1 &6987545951821227051
GameObject:
  m_ObjectHideFlags: 0
  m_CorrespondingSourceObject: {fileID: 0}
  m_PrefabInstance: {fileID: 0}
  m_PrefabAsset: {fileID: 0}
  serializedVersion: 6
  m_Component:
  - component: {fileID: 6987545951821227050}
  - component: {fileID: 6987545951821227055}
  - component: {fileID: 6987545951821227052}
  m_Layer: 0
  m_Name: Cylinder (2)
  m_TagString: Untagged
  m_Icon: {fileID: 0}
  m_NavMeshLayer: 0
  m_StaticEditorFlags: 0
  m_IsActive: 1
--- !u!4 &6987545951821227050
Transform:
  m_ObjectHideFlags: 0
  m_CorrespondingSourceObject: {fileID: 0}
  m_PrefabInstance: {fileID: 0}
  m_PrefabAsset: {fileID: 0}
  m_GameObject: {fileID: 6987545951821227051}
  m_LocalRotation: {x: 0.5, y: -0.5, z: 0.5, w: 0.5}
  m_LocalPosition: {x: 0, y: 0, z: 0}
  m_LocalScale: {x: 4.6869197, y: 0.040770944, z: 4.6869235}
  m_Children: []
  m_Father: {fileID: 6987545952692579413}
  m_RootOrder: 1
  m_LocalEulerAnglesHint: {x: 90, y: 0, z: 90}
--- !u!33 &6987545951821227055
MeshFilter:
  m_ObjectHideFlags: 0
  m_CorrespondingSourceObject: {fileID: 0}
  m_PrefabInstance: {fileID: 0}
  m_PrefabAsset: {fileID: 0}
  m_GameObject: {fileID: 6987545951821227051}
  m_Mesh: {fileID: 10206, guid: 0000000000000000e000000000000000, type: 0}
--- !u!23 &6987545951821227052
MeshRenderer:
  m_ObjectHideFlags: 0
  m_CorrespondingSourceObject: {fileID: 0}
  m_PrefabInstance: {fileID: 0}
  m_PrefabAsset: {fileID: 0}
  m_GameObject: {fileID: 6987545951821227051}
  m_Enabled: 1
  m_CastShadows: 1
  m_ReceiveShadows: 1
  m_DynamicOccludee: 1
  m_MotionVectors: 1
  m_LightProbeUsage: 1
  m_ReflectionProbeUsage: 1
  m_RenderingLayerMask: 1
  m_RendererPriority: 0
  m_Materials:
  - {fileID: 2100000, guid: cc5b76e5d7e653d4b89628b978b4e64f, type: 2}
  m_StaticBatchInfo:
    firstSubMesh: 0
    subMeshCount: 0
  m_StaticBatchRoot: {fileID: 0}
  m_ProbeAnchor: {fileID: 0}
  m_LightProbeVolumeOverride: {fileID: 0}
  m_ScaleInLightmap: 1
  m_ReceiveGI: 1
  m_PreserveUVs: 0
  m_IgnoreNormalsForChartDetection: 0
  m_ImportantGI: 0
  m_StitchLightmapSeams: 1
  m_SelectedEditorRenderState: 3
  m_MinimumChartSize: 4
  m_AutoUVMaxDistance: 0.5
  m_AutoUVMaxAngle: 89
  m_LightmapParameters: {fileID: 0}
  m_SortingLayerID: 0
  m_SortingLayer: 0
  m_SortingOrder: 0
--- !u!1 &6987545952355183928
GameObject:
  m_ObjectHideFlags: 0
  m_CorrespondingSourceObject: {fileID: 0}
  m_PrefabInstance: {fileID: 0}
  m_PrefabAsset: {fileID: 0}
  serializedVersion: 6
  m_Component:
  - component: {fileID: 6987545952355183931}
  - component: {fileID: 6987545952355183934}
  - component: {fileID: 6987545952355183935}
  - component: {fileID: 6987545952355183930}
  - component: {fileID: 6987545952355183932}
  - component: {fileID: 6987545952355183933}
  m_Layer: 0
  m_Name: Cube (6)
  m_TagString: Untagged
  m_Icon: {fileID: 0}
  m_NavMeshLayer: 0
  m_StaticEditorFlags: 0
  m_IsActive: 1
--- !u!4 &6987545952355183931
Transform:
  m_ObjectHideFlags: 0
  m_CorrespondingSourceObject: {fileID: 0}
  m_PrefabInstance: {fileID: 0}
  m_PrefabAsset: {fileID: 0}
  m_GameObject: {fileID: 6987545952355183928}
  m_LocalRotation: {x: 0, y: 0, z: 0, w: 1}
  m_LocalPosition: {x: 0, y: 0, z: 2}
  m_LocalScale: {x: 1, y: 1, z: 1}
  m_Children:
  - {fileID: 7726399550376056434}
  - {fileID: 7814357747791242728}
  m_Father: {fileID: 6987545952692579413}
  m_RootOrder: 0
  m_LocalEulerAnglesHint: {x: 0, y: 0, z: 0}
--- !u!33 &6987545952355183934
MeshFilter:
  m_ObjectHideFlags: 0
  m_CorrespondingSourceObject: {fileID: 0}
  m_PrefabInstance: {fileID: 0}
  m_PrefabAsset: {fileID: 0}
  m_GameObject: {fileID: 6987545952355183928}
  m_Mesh: {fileID: 0}
--- !u!23 &6987545952355183935
MeshRenderer:
  m_ObjectHideFlags: 0
  m_CorrespondingSourceObject: {fileID: 0}
  m_PrefabInstance: {fileID: 0}
  m_PrefabAsset: {fileID: 0}
  m_GameObject: {fileID: 6987545952355183928}
  m_Enabled: 1
  m_CastShadows: 1
  m_ReceiveShadows: 1
  m_DynamicOccludee: 1
  m_MotionVectors: 1
  m_LightProbeUsage: 1
  m_ReflectionProbeUsage: 1
  m_RenderingLayerMask: 1
  m_RendererPriority: 0
  m_Materials:
  - {fileID: 2100000, guid: 7316ab1def5c6b64bbc203dd4dff0236, type: 2}
  m_StaticBatchInfo:
    firstSubMesh: 0
    subMeshCount: 0
  m_StaticBatchRoot: {fileID: 0}
  m_ProbeAnchor: {fileID: 0}
  m_LightProbeVolumeOverride: {fileID: 0}
  m_ScaleInLightmap: 1
  m_ReceiveGI: 1
  m_PreserveUVs: 0
  m_IgnoreNormalsForChartDetection: 0
  m_ImportantGI: 0
  m_StitchLightmapSeams: 1
  m_SelectedEditorRenderState: 3
  m_MinimumChartSize: 4
  m_AutoUVMaxDistance: 0.5
  m_AutoUVMaxAngle: 89
  m_LightmapParameters: {fileID: 0}
  m_SortingLayerID: 0
  m_SortingLayer: 0
  m_SortingOrder: 0
--- !u!65 &6987545952355183930
BoxCollider:
  m_ObjectHideFlags: 0
  m_CorrespondingSourceObject: {fileID: 0}
  m_PrefabInstance: {fileID: 0}
  m_PrefabAsset: {fileID: 0}
  m_GameObject: {fileID: 6987545952355183928}
  m_Material: {fileID: 0}
  m_IsTrigger: 0
  m_Enabled: 0
  serializedVersion: 2
  m_Size: {x: 1, y: 1, z: 1}
  m_Center: {x: 0, y: 0, z: 0}
--- !u!208 &6987545952355183932
NavMeshObstacle:
  m_ObjectHideFlags: 0
  m_CorrespondingSourceObject: {fileID: 0}
  m_PrefabInstance: {fileID: 0}
  m_PrefabAsset: {fileID: 0}
  m_GameObject: {fileID: 6987545952355183928}
  m_Enabled: 1
  serializedVersion: 3
  m_Shape: 1
  m_Extents: {x: 0.5, y: 0.5, z: 0.5}
  m_MoveThreshold: 0.1
  m_Carve: 1
  m_CarveOnlyStationary: 1
  m_Center: {x: 0, y: 0, z: 0}
  m_TimeToStationary: 0.5
--- !u!114 &6987545952355183933
MonoBehaviour:
  m_ObjectHideFlags: 0
  m_CorrespondingSourceObject: {fileID: 0}
  m_PrefabInstance: {fileID: 0}
  m_PrefabAsset: {fileID: 0}
  m_GameObject: {fileID: 6987545952355183928}
  m_Enabled: 1
  m_EditorHideFlags: 0
  m_Script: {fileID: 11500000, guid: 8233d90336aea43098adf6dbabd606a2, type: 3}
  m_Name: 
  m_EditorClassIdentifier: 
  m_MeshFormatVersion: 1
  m_Faces:
  - m_Indexes: 000000000100000002000000000000000200000003000000
    m_SmoothingGroup: 0
    m_Uv:
      m_UseWorldSpace: 0
      m_FlipU: 0
      m_FlipV: 0
      m_SwapUV: 0
      m_Fill: 1
      m_Scale: {x: 1, y: 1}
      m_Offset: {x: 0, y: 0}
      m_Rotation: 0
      m_Anchor: 9
    m_Material: {fileID: 0}
    m_SubmeshIndex: 0
    m_ManualUV: 1
    elementGroup: -1
    m_TextureGroup: -1
  - m_Indexes: 040000000500000006000000040000000600000007000000
    m_SmoothingGroup: 0
    m_Uv:
      m_UseWorldSpace: 0
      m_FlipU: 0
      m_FlipV: 0
      m_SwapUV: 0
      m_Fill: 1
      m_Scale: {x: 1, y: 1}
      m_Offset: {x: 0, y: 0}
      m_Rotation: 0
      m_Anchor: 9
    m_Material: {fileID: 0}
    m_SubmeshIndex: 0
    m_ManualUV: 1
    elementGroup: -1
    m_TextureGroup: -1
  - m_Indexes: 08000000090000000a000000080000000a0000000b000000
    m_SmoothingGroup: 0
    m_Uv:
      m_UseWorldSpace: 0
      m_FlipU: 0
      m_FlipV: 0
      m_SwapUV: 0
      m_Fill: 1
      m_Scale: {x: 1, y: 1}
      m_Offset: {x: 0, y: 0}
      m_Rotation: 0
      m_Anchor: 9
    m_Material: {fileID: 0}
    m_SubmeshIndex: 0
    m_ManualUV: 1
    elementGroup: -1
    m_TextureGroup: -1
  - m_Indexes: 0c0000000d0000000e0000000c0000000e0000000f000000
    m_SmoothingGroup: 0
    m_Uv:
      m_UseWorldSpace: 0
      m_FlipU: 0
      m_FlipV: 0
      m_SwapUV: 0
      m_Fill: 1
      m_Scale: {x: 1, y: 1}
      m_Offset: {x: 0, y: 0}
      m_Rotation: 0
      m_Anchor: 9
    m_Material: {fileID: 0}
    m_SubmeshIndex: 0
    m_ManualUV: 1
    elementGroup: -1
    m_TextureGroup: -1
  - m_Indexes: 100000001100000012000000100000001200000013000000
    m_SmoothingGroup: 0
    m_Uv:
      m_UseWorldSpace: 0
      m_FlipU: 0
      m_FlipV: 0
      m_SwapUV: 0
      m_Fill: 1
      m_Scale: {x: 1, y: 1}
      m_Offset: {x: 0, y: 0}
      m_Rotation: 0
      m_Anchor: 9
    m_Material: {fileID: 0}
    m_SubmeshIndex: 0
    m_ManualUV: 1
    elementGroup: -1
    m_TextureGroup: -1
  - m_Indexes: 140000001500000016000000140000001600000017000000
    m_SmoothingGroup: 0
    m_Uv:
      m_UseWorldSpace: 0
      m_FlipU: 0
      m_FlipV: 0
      m_SwapUV: 0
      m_Fill: 1
      m_Scale: {x: 1, y: 1}
      m_Offset: {x: 0, y: 0}
      m_Rotation: 0
      m_Anchor: 9
    m_Material: {fileID: 0}
    m_SubmeshIndex: 0
    m_ManualUV: 1
    elementGroup: -1
    m_TextureGroup: -1
  m_SharedVertices:
  - m_Vertices: 000000000d00000017000000
  - m_Vertices: 010000000400000016000000
  - m_Vertices: 020000000700000011000000
  - m_Vertices: 030000000e00000010000000
  - m_Vertices: 050000000800000015000000
  - m_Vertices: 060000000b00000012000000
  - m_Vertices: 090000000c00000014000000
  - m_Vertices: 0a0000000f00000013000000
  m_SharedTextures: []
  m_Positions:
  - {x: 0.5, y: -0.5, z: 0.5}
  - {x: 0.5, y: 0.5, z: 0.5}
  - {x: -0.5, y: 0.5, z: 0.5}
  - {x: -0.5, y: -0.5, z: 0.5}
  - {x: 0.5, y: 0.5, z: 0.5}
  - {x: 0.5, y: 0.5, z: -0.5}
  - {x: -0.5, y: 0.5, z: -0.5}
  - {x: -0.5, y: 0.5, z: 0.5}
  - {x: 0.5, y: 0.5, z: -0.5}
  - {x: 0.5, y: -0.5, z: -0.5}
  - {x: -0.5, y: -0.5, z: -0.5}
  - {x: -0.5, y: 0.5, z: -0.5}
  - {x: 0.5, y: -0.5, z: -0.5}
  - {x: 0.5, y: -0.5, z: 0.5}
  - {x: -0.5, y: -0.5, z: 0.5}
  - {x: -0.5, y: -0.5, z: -0.5}
  - {x: -0.5, y: -0.5, z: 0.5}
  - {x: -0.5, y: 0.5, z: 0.5}
  - {x: -0.5, y: 0.5, z: -0.5}
  - {x: -0.5, y: -0.5, z: -0.5}
  - {x: 0.5, y: -0.5, z: -0.5}
  - {x: 0.5, y: 0.5, z: -0.5}
  - {x: 0.5, y: 0.5, z: 0.5}
  - {x: 0.5, y: -0.5, z: 0.5}
  m_Textures0:
  - {x: 0, y: 0}
  - {x: 0, y: 1}
  - {x: 1, y: 1}
  - {x: 1, y: 0}
  - {x: 0, y: 0}
  - {x: 0, y: 1}
  - {x: 1, y: 1}
  - {x: 1, y: 0}
  - {x: 0, y: 0}
  - {x: 0, y: 1}
  - {x: 1, y: 1}
  - {x: 1, y: 0}
  - {x: 0, y: 0}
  - {x: 0, y: 1}
  - {x: 1, y: 1}
  - {x: 1, y: 0}
  - {x: 0, y: 0}
  - {x: 0, y: 1}
  - {x: 1, y: 1}
  - {x: 1, y: 0}
  - {x: 0, y: 0}
  - {x: 0, y: 1}
  - {x: 1, y: 1}
  - {x: 1, y: 0}
  m_Textures2: []
  m_Textures3: []
  m_Tangents:
  - {x: -1, y: 0, z: 0, w: -1}
  - {x: -1, y: 0, z: 0, w: -1}
  - {x: -1, y: 0, z: 0, w: -1}
  - {x: -1, y: 0, z: 0, w: -1}
  - {x: -1, y: 0, z: 0, w: -1}
  - {x: -1, y: 0, z: 0, w: -1}
  - {x: -1, y: 0, z: 0, w: -1}
  - {x: -1, y: 0, z: 0, w: -1}
  - {x: -1, y: 0, z: 0, w: -1}
  - {x: -1, y: 0, z: 0, w: -1}
  - {x: -1, y: 0, z: 0, w: -1}
  - {x: -1, y: 0, z: 0, w: -1}
  - {x: -1, y: 0, z: 0, w: -1}
  - {x: -1, y: 0, z: 0, w: -1}
  - {x: -1, y: 0, z: 0, w: -1}
  - {x: -1, y: 0, z: 0, w: -1}
  - {x: 0, y: 0, z: -1, w: -1}
  - {x: 0, y: 0, z: -1, w: -1}
  - {x: 0, y: 0, z: -1, w: -1}
  - {x: 0, y: 0, z: -1, w: -1}
  - {x: 0, y: 0, z: 1, w: -1}
  - {x: 0, y: 0, z: 1, w: -1}
  - {x: 0, y: 0, z: 1, w: -1}
  - {x: 0, y: 0, z: 1, w: -1}
  m_Colors: []
  m_UnwrapParameters:
    m_HardAngle: 88
    m_PackMargin: 20
    m_AngleError: 8
    m_AreaError: 15
  m_PreserveMeshAssetOnDestroy: 0
  assetGuid: 
  m_IsSelectable: 1
  m_SelectedFaces: 01000000
  m_SelectedEdges:
  - a: 4
    b: 5
  - a: 5
    b: 6
  - a: 6
    b: 7
  - a: 7
    b: 4
  m_SelectedVertices: 04000000050000000600000007000000
--- !u!1 &6987545952692579410
GameObject:
  m_ObjectHideFlags: 0
  m_CorrespondingSourceObject: {fileID: 0}
  m_PrefabInstance: {fileID: 0}
  m_PrefabAsset: {fileID: 0}
  serializedVersion: 6
  m_Component:
  - component: {fileID: 6987545952692579413}
  m_Layer: 0
  m_Name: InteractableKnobZ
  m_TagString: Untagged
  m_Icon: {fileID: 0}
  m_NavMeshLayer: 0
  m_StaticEditorFlags: 0
  m_IsActive: 1
--- !u!4 &6987545952692579413
Transform:
  m_ObjectHideFlags: 0
  m_CorrespondingSourceObject: {fileID: 0}
  m_PrefabInstance: {fileID: 0}
  m_PrefabAsset: {fileID: 0}
  m_GameObject: {fileID: 6987545952692579410}
  m_LocalRotation: {x: 0, y: 0.7071068, z: 0, w: 0.7071068}
  m_LocalPosition: {x: 0, y: 0, z: 0}
  m_LocalScale: {x: 1, y: 1, z: 1}
  m_Children:
  - {fileID: 6987545952355183931}
  - {fileID: 6987545951821227050}
  m_Father: {fileID: 0}
  m_RootOrder: 0
  m_LocalEulerAnglesHint: {x: 0, y: 90, z: 0}
--- !u!114 &6987545951872309750
MonoBehaviour:
  m_ObjectHideFlags: 0
  m_CorrespondingSourceObject: {fileID: 0}
  m_PrefabInstance: {fileID: 0}
  m_PrefabAsset: {fileID: 0}
  m_GameObject: {fileID: 9189779479268057377}
  m_Enabled: 1
  m_EditorHideFlags: 0
  m_Script: {fileID: 11500000, guid: 4d22f2295484aa5458c69ea0cd3deacc, type: 3}
  m_Name: 
  m_EditorClassIdentifier: 
  interactable: {fileID: 2231065367395562184}
  tempObj: {fileID: 0}
  objectToRotate: {fileID: 0}
  rotationSpeed: 1
  hasStartRotation: 1
  stepSize: 1
  rotationAxis: 2
--- !u!1001 &6987545952335043064
PrefabInstance:
  m_ObjectHideFlags: 0
  serializedVersion: 2
  m_Modification:
    m_TransformParent: {fileID: 6987545952355183931}
    m_Modifications:
    - target: {fileID: 2265424663634278617, guid: 90fcb1f9682cd2540bedae525b15e131,
        type: 3}
      propertyPath: m_Name
      value: Interactable
      objectReference: {fileID: 0}
    - target: {fileID: 847080739605385098, guid: 90fcb1f9682cd2540bedae525b15e131,
        type: 3}
      propertyPath: m_LocalPosition.x
      value: 0
      objectReference: {fileID: 0}
    - target: {fileID: 847080739605385098, guid: 90fcb1f9682cd2540bedae525b15e131,
        type: 3}
      propertyPath: m_LocalPosition.y
      value: 0
      objectReference: {fileID: 0}
    - target: {fileID: 847080739605385098, guid: 90fcb1f9682cd2540bedae525b15e131,
        type: 3}
      propertyPath: m_LocalPosition.z
      value: 0
      objectReference: {fileID: 0}
    - target: {fileID: 847080739605385098, guid: 90fcb1f9682cd2540bedae525b15e131,
        type: 3}
      propertyPath: m_LocalRotation.x
      value: 0
      objectReference: {fileID: 0}
    - target: {fileID: 847080739605385098, guid: 90fcb1f9682cd2540bedae525b15e131,
        type: 3}
      propertyPath: m_LocalRotation.y
      value: 0
      objectReference: {fileID: 0}
    - target: {fileID: 847080739605385098, guid: 90fcb1f9682cd2540bedae525b15e131,
        type: 3}
      propertyPath: m_LocalRotation.z
      value: 0
      objectReference: {fileID: 0}
    - target: {fileID: 847080739605385098, guid: 90fcb1f9682cd2540bedae525b15e131,
        type: 3}
      propertyPath: m_LocalRotation.w
      value: 1
      objectReference: {fileID: 0}
    - target: {fileID: 847080739605385098, guid: 90fcb1f9682cd2540bedae525b15e131,
        type: 3}
      propertyPath: m_RootOrder
      value: 0
      objectReference: {fileID: 0}
    - target: {fileID: 847080739605385098, guid: 90fcb1f9682cd2540bedae525b15e131,
        type: 3}
      propertyPath: m_LocalEulerAnglesHint.x
      value: 0
      objectReference: {fileID: 0}
    - target: {fileID: 847080739605385098, guid: 90fcb1f9682cd2540bedae525b15e131,
        type: 3}
      propertyPath: m_LocalEulerAnglesHint.y
      value: 0
      objectReference: {fileID: 0}
    - target: {fileID: 847080739605385098, guid: 90fcb1f9682cd2540bedae525b15e131,
        type: 3}
      propertyPath: m_LocalEulerAnglesHint.z
      value: 0
      objectReference: {fileID: 0}
    - target: {fileID: 847080739605385098, guid: 90fcb1f9682cd2540bedae525b15e131,
        type: 3}
      propertyPath: m_LocalScale.x
      value: 1
      objectReference: {fileID: 0}
    - target: {fileID: 847080739605385098, guid: 90fcb1f9682cd2540bedae525b15e131,
        type: 3}
      propertyPath: m_LocalScale.y
      value: 1
      objectReference: {fileID: 0}
    - target: {fileID: 847080739605385098, guid: 90fcb1f9682cd2540bedae525b15e131,
        type: 3}
      propertyPath: m_LocalScale.z
      value: 1
      objectReference: {fileID: 0}
    - target: {fileID: 9083362580402006832, guid: 90fcb1f9682cd2540bedae525b15e131,
        type: 3}
      propertyPath: mainObject
      value: 
      objectReference: {fileID: 6987545952692579410}
    - target: {fileID: 9083362580402006832, guid: 90fcb1f9682cd2540bedae525b15e131,
        type: 3}
      propertyPath: mainCollider
      value: 
      objectReference: {fileID: 6927925507077118234}
    - target: {fileID: 9083362580402006832, guid: 90fcb1f9682cd2540bedae525b15e131,
        type: 3}
      propertyPath: rigidBody
      value: 
      objectReference: {fileID: 0}
    - target: {fileID: 9083362580402006832, guid: 90fcb1f9682cd2540bedae525b15e131,
        type: 3}
      propertyPath: useGravity
      value: 0
      objectReference: {fileID: 0}
    - target: {fileID: 9083362580402006832, guid: 90fcb1f9682cd2540bedae525b15e131,
        type: 3}
      propertyPath: interactableType
      value: 5
      objectReference: {fileID: 0}
    - target: {fileID: 9083362580402006832, guid: 90fcb1f9682cd2540bedae525b15e131,
        type: 3}
      propertyPath: interactableBehaviour
      value: 
      objectReference: {fileID: 6987545951872309750}
    - target: {fileID: 61976787631276258, guid: 90fcb1f9682cd2540bedae525b15e131,
        type: 3}
      propertyPath: m_Radius
      value: 1
      objectReference: {fileID: 0}
    m_RemovedComponents:
    - {fileID: 7910591390827413212, guid: 90fcb1f9682cd2540bedae525b15e131, type: 3}
  m_SourcePrefab: {fileID: 100100000, guid: 90fcb1f9682cd2540bedae525b15e131, type: 3}
--- !u!1 &9189779479268057377 stripped
GameObject:
  m_CorrespondingSourceObject: {fileID: 2265424663634278617, guid: 90fcb1f9682cd2540bedae525b15e131,
    type: 3}
  m_PrefabInstance: {fileID: 6987545952335043064}
  m_PrefabAsset: {fileID: 0}
--- !u!4 &7726399550376056434 stripped
Transform:
  m_CorrespondingSourceObject: {fileID: 847080739605385098, guid: 90fcb1f9682cd2540bedae525b15e131,
    type: 3}
  m_PrefabInstance: {fileID: 6987545952335043064}
  m_PrefabAsset: {fileID: 0}
--- !u!135 &6927925507077118234 stripped
SphereCollider:
  m_CorrespondingSourceObject: {fileID: 61976787631276258, guid: 90fcb1f9682cd2540bedae525b15e131,
    type: 3}
  m_PrefabInstance: {fileID: 6987545952335043064}
  m_PrefabAsset: {fileID: 0}
--- !u!114 &2231065367395562184 stripped
MonoBehaviour:
  m_CorrespondingSourceObject: {fileID: 9083362580402006832, guid: 90fcb1f9682cd2540bedae525b15e131,
    type: 3}
  m_PrefabInstance: {fileID: 6987545952335043064}
  m_PrefabAsset: {fileID: 0}
  m_GameObject: {fileID: 9189779479268057377}
  m_Enabled: 1
  m_EditorHideFlags: 0
  m_Script: {fileID: 11500000, guid: 891ca12236342574896a268ef7ad691c, type: 3}
  m_Name: 
  m_EditorClassIdentifier: 
--- !u!1001 &6987545952824277323
PrefabInstance:
  m_ObjectHideFlags: 0
  serializedVersion: 2
  m_Modification:
    m_TransformParent: {fileID: 6987545952355183931}
    m_Modifications:
    - target: {fileID: 903795250523544749, guid: 7aa35778395471849ade54188762546e,
        type: 3}
      propertyPath: m_Name
      value: WandInteractable
      objectReference: {fileID: 0}
    - target: {fileID: 903795250523544739, guid: 7aa35778395471849ade54188762546e,
        type: 3}
      propertyPath: m_LocalPosition.x
      value: 0
      objectReference: {fileID: 0}
    - target: {fileID: 903795250523544739, guid: 7aa35778395471849ade54188762546e,
        type: 3}
      propertyPath: m_LocalPosition.y
      value: 0
      objectReference: {fileID: 0}
    - target: {fileID: 903795250523544739, guid: 7aa35778395471849ade54188762546e,
        type: 3}
      propertyPath: m_LocalPosition.z
      value: 0
      objectReference: {fileID: 0}
    - target: {fileID: 903795250523544739, guid: 7aa35778395471849ade54188762546e,
        type: 3}
      propertyPath: m_LocalRotation.x
      value: -0.000000029802322
      objectReference: {fileID: 0}
    - target: {fileID: 903795250523544739, guid: 7aa35778395471849ade54188762546e,
        type: 3}
      propertyPath: m_LocalRotation.y
      value: -0.000000029802322
      objectReference: {fileID: 0}
    - target: {fileID: 903795250523544739, guid: 7aa35778395471849ade54188762546e,
        type: 3}
      propertyPath: m_LocalRotation.z
      value: 0.000000029802322
      objectReference: {fileID: 0}
    - target: {fileID: 903795250523544739, guid: 7aa35778395471849ade54188762546e,
        type: 3}
      propertyPath: m_LocalRotation.w
      value: 1
      objectReference: {fileID: 0}
    - target: {fileID: 903795250523544739, guid: 7aa35778395471849ade54188762546e,
        type: 3}
      propertyPath: m_RootOrder
      value: 1
      objectReference: {fileID: 0}
    - target: {fileID: 903795250523544739, guid: 7aa35778395471849ade54188762546e,
        type: 3}
      propertyPath: m_LocalEulerAnglesHint.x
      value: 0
      objectReference: {fileID: 0}
    - target: {fileID: 903795250523544739, guid: 7aa35778395471849ade54188762546e,
        type: 3}
      propertyPath: m_LocalEulerAnglesHint.y
      value: 0
      objectReference: {fileID: 0}
    - target: {fileID: 903795250523544739, guid: 7aa35778395471849ade54188762546e,
        type: 3}
      propertyPath: m_LocalEulerAnglesHint.z
      value: 0
      objectReference: {fileID: 0}
    - target: {fileID: 903795250523544739, guid: 7aa35778395471849ade54188762546e,
        type: 3}
      propertyPath: m_LocalScale.x
      value: 1
      objectReference: {fileID: 0}
    - target: {fileID: 903795250523544739, guid: 7aa35778395471849ade54188762546e,
        type: 3}
      propertyPath: m_LocalScale.y
      value: 1
      objectReference: {fileID: 0}
    - target: {fileID: 903795250523544739, guid: 7aa35778395471849ade54188762546e,
        type: 3}
      propertyPath: m_LocalScale.z
      value: 1
      objectReference: {fileID: 0}
    - target: {fileID: 5747857363585979745, guid: 7aa35778395471849ade54188762546e,
        type: 3}
      propertyPath: mainObject
      value: 
      objectReference: {fileID: 6987545952355183928}
    - target: {fileID: 5747857363585979745, guid: 7aa35778395471849ade54188762546e,
        type: 3}
      propertyPath: mainCollider
      value: 
      objectReference: {fileID: 6987545952355183930}
    - target: {fileID: 5747857363585979745, guid: 7aa35778395471849ade54188762546e,
        type: 3}
      propertyPath: rigidBody
      value: 
      objectReference: {fileID: 0}
    - target: {fileID: 5747857363585979745, guid: 7aa35778395471849ade54188762546e,
        type: 3}
      propertyPath: useGravity
      value: 1
      objectReference: {fileID: 0}
    m_RemovedComponents: []
  m_SourcePrefab: {fileID: 100100000, guid: 7aa35778395471849ade54188762546e, type: 3}
--- !u!4 &7814357747791242728 stripped
Transform:
  m_CorrespondingSourceObject: {fileID: 903795250523544739, guid: 7aa35778395471849ade54188762546e,
    type: 3}
  m_PrefabInstance: {fileID: 6987545952824277323}
  m_PrefabAsset: {fileID: 0}
