%YAML 1.1
%TAG !u! tag:unity3d.com,2011:
--- !u!1 &2379990277720723794
GameObject:
  m_ObjectHideFlags: 0
  m_CorrespondingSourceObject: {fileID: 0}
  m_PrefabInstance: {fileID: 0}
  m_PrefabAsset: {fileID: 0}
  serializedVersion: 6
  m_Component:
  - component: {fileID: 2379990277720723795}
  m_Layer: 0
  m_Name: SlideObject_Z_Dir
  m_TagString: Untagged
  m_Icon: {fileID: 0}
  m_NavMeshLayer: 0
  m_StaticEditorFlags: 0
  m_IsActive: 1
--- !u!4 &2379990277720723795
Transform:
  m_ObjectHideFlags: 0
  m_CorrespondingSourceObject: {fileID: 0}
  m_PrefabInstance: {fileID: 0}
  m_PrefabAsset: {fileID: 0}
  m_GameObject: {fileID: 2379990277720723794}
  m_LocalRotation: {x: 0, y: 0, z: 0, w: 1}
  m_LocalPosition: {x: 0, y: 0.73, z: 0}
  m_LocalScale: {x: 1, y: 1, z: 1}
  m_Children:
  - {fileID: 7626442797556391948}
  - {fileID: 1002327264321693622}
  m_Father: {fileID: 0}
  m_RootOrder: 0
  m_LocalEulerAnglesHint: {x: 0, y: 0, z: 0}
--- !u!1001 &2379990277237271172
PrefabInstance:
  m_ObjectHideFlags: 0
  serializedVersion: 2
  m_Modification:
    m_TransformParent: {fileID: 2379990277720723795}
    m_Modifications:
    - target: {fileID: 5247254168568269449, guid: 71ea6d5fbe2242f419033f353756713d,
        type: 3}
      propertyPath: m_Name
      value: InteractableSliderTrack (1)
      objectReference: {fileID: 0}
    - target: {fileID: 5247254167610262058, guid: 71ea6d5fbe2242f419033f353756713d,
        type: 3}
      propertyPath: m_LocalScale.x
      value: 1
      objectReference: {fileID: 0}
    - target: {fileID: 5247254167610262058, guid: 71ea6d5fbe2242f419033f353756713d,
        type: 3}
      propertyPath: m_LocalScale.z
      value: 1
      objectReference: {fileID: 0}
    - target: {fileID: 5247254167610262058, guid: 71ea6d5fbe2242f419033f353756713d,
        type: 3}
      propertyPath: m_LocalPosition.x
      value: 0
      objectReference: {fileID: 0}
    - target: {fileID: 5247254167610262058, guid: 71ea6d5fbe2242f419033f353756713d,
        type: 3}
      propertyPath: m_LocalPosition.z
      value: -2
      objectReference: {fileID: 0}
    - target: {fileID: 5247254168568269448, guid: 71ea6d5fbe2242f419033f353756713d,
        type: 3}
      propertyPath: m_LocalPosition.x
      value: 0
      objectReference: {fileID: 0}
    - target: {fileID: 5247254168568269448, guid: 71ea6d5fbe2242f419033f353756713d,
        type: 3}
      propertyPath: m_LocalPosition.y
      value: 0
      objectReference: {fileID: 0}
    - target: {fileID: 5247254168568269448, guid: 71ea6d5fbe2242f419033f353756713d,
        type: 3}
      propertyPath: m_LocalPosition.z
      value: 0
      objectReference: {fileID: 0}
    - target: {fileID: 5247254168568269448, guid: 71ea6d5fbe2242f419033f353756713d,
        type: 3}
      propertyPath: m_LocalRotation.x
      value: 0
      objectReference: {fileID: 0}
    - target: {fileID: 5247254168568269448, guid: 71ea6d5fbe2242f419033f353756713d,
        type: 3}
      propertyPath: m_LocalRotation.y
      value: 0
      objectReference: {fileID: 0}
    - target: {fileID: 5247254168568269448, guid: 71ea6d5fbe2242f419033f353756713d,
        type: 3}
      propertyPath: m_LocalRotation.z
      value: 0
      objectReference: {fileID: 0}
    - target: {fileID: 5247254168568269448, guid: 71ea6d5fbe2242f419033f353756713d,
        type: 3}
      propertyPath: m_LocalRotation.w
      value: 1
      objectReference: {fileID: 0}
    - target: {fileID: 5247254168568269448, guid: 71ea6d5fbe2242f419033f353756713d,
        type: 3}
      propertyPath: m_RootOrder
      value: 0
      objectReference: {fileID: 0}
    - target: {fileID: 5247254168568269448, guid: 71ea6d5fbe2242f419033f353756713d,
        type: 3}
      propertyPath: m_LocalEulerAnglesHint.x
      value: 0
      objectReference: {fileID: 0}
    - target: {fileID: 5247254168568269448, guid: 71ea6d5fbe2242f419033f353756713d,
        type: 3}
      propertyPath: m_LocalEulerAnglesHint.y
      value: 0
      objectReference: {fileID: 0}
    - target: {fileID: 5247254168568269448, guid: 71ea6d5fbe2242f419033f353756713d,
        type: 3}
      propertyPath: m_LocalEulerAnglesHint.z
      value: 0
      objectReference: {fileID: 0}
    - target: {fileID: 5247254167032700508, guid: 71ea6d5fbe2242f419033f353756713d,
        type: 3}
      propertyPath: m_IsTrigger
      value: 0
      objectReference: {fileID: 0}
    - target: {fileID: 5247254167032700508, guid: 71ea6d5fbe2242f419033f353756713d,
        type: 3}
      propertyPath: m_Enabled
      value: 0
      objectReference: {fileID: 0}
    - target: {fileID: 5247254167610262061, guid: 71ea6d5fbe2242f419033f353756713d,
        type: 3}
      propertyPath: m_IsTrigger
      value: 0
      objectReference: {fileID: 0}
    - target: {fileID: 5247254167610262061, guid: 71ea6d5fbe2242f419033f353756713d,
        type: 3}
      propertyPath: m_Enabled
      value: 0
      objectReference: {fileID: 0}
    - target: {fileID: 5247254167032700509, guid: 71ea6d5fbe2242f419033f353756713d,
        type: 3}
      propertyPath: m_LocalScale.x
      value: 1
      objectReference: {fileID: 0}
    - target: {fileID: 5247254167032700509, guid: 71ea6d5fbe2242f419033f353756713d,
        type: 3}
      propertyPath: m_LocalScale.z
      value: 1
      objectReference: {fileID: 0}
    - target: {fileID: 5247254167032700509, guid: 71ea6d5fbe2242f419033f353756713d,
        type: 3}
      propertyPath: m_LocalPosition.x
      value: 0
      objectReference: {fileID: 0}
    - target: {fileID: 5247254167032700509, guid: 71ea6d5fbe2242f419033f353756713d,
        type: 3}
      propertyPath: m_LocalPosition.z
      value: 2
      objectReference: {fileID: 0}
    - target: {fileID: 5247254168459698308, guid: 71ea6d5fbe2242f419033f353756713d,
        type: 3}
      propertyPath: m_LocalPosition.x
      value: 0
      objectReference: {fileID: 0}
    - target: {fileID: 5247254168459698308, guid: 71ea6d5fbe2242f419033f353756713d,
        type: 3}
      propertyPath: m_LocalPosition.z
      value: 0
      objectReference: {fileID: 0}
    - target: {fileID: 5247254168459698308, guid: 71ea6d5fbe2242f419033f353756713d,
        type: 3}
      propertyPath: m_LocalPosition.y
      value: -0.49
      objectReference: {fileID: 0}
    - target: {fileID: 5247254168459698308, guid: 71ea6d5fbe2242f419033f353756713d,
        type: 3}
      propertyPath: m_LocalScale.x
      value: 0.46
      objectReference: {fileID: 0}
    - target: {fileID: 5247254168459698308, guid: 71ea6d5fbe2242f419033f353756713d,
        type: 3}
      propertyPath: m_LocalRotation.x
      value: 0
      objectReference: {fileID: 0}
    - target: {fileID: 5247254168459698308, guid: 71ea6d5fbe2242f419033f353756713d,
        type: 3}
      propertyPath: m_LocalRotation.y
      value: 0.7071068
      objectReference: {fileID: 0}
    - target: {fileID: 5247254168459698308, guid: 71ea6d5fbe2242f419033f353756713d,
        type: 3}
      propertyPath: m_LocalRotation.z
      value: 0
      objectReference: {fileID: 0}
    - target: {fileID: 5247254168459698308, guid: 71ea6d5fbe2242f419033f353756713d,
        type: 3}
      propertyPath: m_LocalRotation.w
      value: 0.7071068
      objectReference: {fileID: 0}
    - target: {fileID: 5247254168459698308, guid: 71ea6d5fbe2242f419033f353756713d,
        type: 3}
      propertyPath: m_LocalEulerAnglesHint.y
      value: 90
      objectReference: {fileID: 0}
    - target: {fileID: 5247254167670771757, guid: 71ea6d5fbe2242f419033f353756713d,
        type: 3}
      propertyPath: m_LocalPosition.x
      value: 0
      objectReference: {fileID: 0}
    - target: {fileID: 5247254167670771757, guid: 71ea6d5fbe2242f419033f353756713d,
        type: 3}
      propertyPath: m_LocalPosition.z
      value: 0
      objectReference: {fileID: 0}
    - target: {fileID: 5247254167670771757, guid: 71ea6d5fbe2242f419033f353756713d,
        type: 3}
      propertyPath: m_LocalScale.x
      value: 1
      objectReference: {fileID: 0}
    - target: {fileID: 5247254167670771757, guid: 71ea6d5fbe2242f419033f353756713d,
        type: 3}
      propertyPath: m_LocalScale.z
      value: 1
      objectReference: {fileID: 0}
    - target: {fileID: 5247254167670771756, guid: 71ea6d5fbe2242f419033f353756713d,
        type: 3}
      propertyPath: m_Enabled
      value: 0
      objectReference: {fileID: 0}
    m_RemovedComponents: []
  m_SourcePrefab: {fileID: 100100000, guid: 71ea6d5fbe2242f419033f353756713d, type: 3}
--- !u!4 &7626442797556391948 stripped
Transform:
  m_CorrespondingSourceObject: {fileID: 5247254168568269448, guid: 71ea6d5fbe2242f419033f353756713d,
    type: 3}
  m_PrefabInstance: {fileID: 2379990277237271172}
  m_PrefabAsset: {fileID: 0}
--- !u!4 &7626442797704636590 stripped
Transform:
  m_CorrespondingSourceObject: {fileID: 5247254167610262058, guid: 71ea6d5fbe2242f419033f353756713d,
    type: 3}
  m_PrefabInstance: {fileID: 2379990277237271172}
  m_PrefabAsset: {fileID: 0}
--- !u!4 &7626442796138788057 stripped
Transform:
  m_CorrespondingSourceObject: {fileID: 5247254167032700509, guid: 71ea6d5fbe2242f419033f353756713d,
    type: 3}
  m_PrefabInstance: {fileID: 2379990277237271172}
  m_PrefabAsset: {fileID: 0}
--- !u!4 &7626442797782416041 stripped
Transform:
  m_CorrespondingSourceObject: {fileID: 5247254167670771757, guid: 71ea6d5fbe2242f419033f353756713d,
    type: 3}
  m_PrefabInstance: {fileID: 2379990277237271172}
  m_PrefabAsset: {fileID: 0}
--- !u!1001 &2379990277730592189
PrefabInstance:
  m_ObjectHideFlags: 0
  serializedVersion: 2
  m_Modification:
    m_TransformParent: {fileID: 2379990277720723795}
    m_Modifications:
    - target: {fileID: 3237973621197931012, guid: 74bcce13e73d0664b8370d9e66378f22,
        type: 3}
      propertyPath: m_Name
      value: InteractableSlideObject
      objectReference: {fileID: 0}
    - target: {fileID: 3237973621197931019, guid: 74bcce13e73d0664b8370d9e66378f22,
        type: 3}
      propertyPath: m_LocalPosition.x
      value: 0
      objectReference: {fileID: 0}
    - target: {fileID: 3237973621197931019, guid: 74bcce13e73d0664b8370d9e66378f22,
        type: 3}
      propertyPath: m_LocalPosition.y
      value: 0
      objectReference: {fileID: 0}
    - target: {fileID: 3237973621197931019, guid: 74bcce13e73d0664b8370d9e66378f22,
        type: 3}
      propertyPath: m_LocalPosition.z
      value: 0
      objectReference: {fileID: 0}
    - target: {fileID: 3237973621197931019, guid: 74bcce13e73d0664b8370d9e66378f22,
        type: 3}
      propertyPath: m_LocalRotation.x
      value: 0
      objectReference: {fileID: 0}
    - target: {fileID: 3237973621197931019, guid: 74bcce13e73d0664b8370d9e66378f22,
        type: 3}
      propertyPath: m_LocalRotation.y
      value: 0
      objectReference: {fileID: 0}
    - target: {fileID: 3237973621197931019, guid: 74bcce13e73d0664b8370d9e66378f22,
        type: 3}
      propertyPath: m_LocalRotation.z
      value: 0
      objectReference: {fileID: 0}
    - target: {fileID: 3237973621197931019, guid: 74bcce13e73d0664b8370d9e66378f22,
        type: 3}
      propertyPath: m_LocalRotation.w
      value: 1
      objectReference: {fileID: 0}
    - target: {fileID: 3237973621197931019, guid: 74bcce13e73d0664b8370d9e66378f22,
        type: 3}
      propertyPath: m_RootOrder
      value: 1
      objectReference: {fileID: 0}
    - target: {fileID: 3237973621197931019, guid: 74bcce13e73d0664b8370d9e66378f22,
        type: 3}
      propertyPath: m_LocalEulerAnglesHint.x
      value: 0
      objectReference: {fileID: 0}
    - target: {fileID: 3237973621197931019, guid: 74bcce13e73d0664b8370d9e66378f22,
        type: 3}
      propertyPath: m_LocalEulerAnglesHint.y
      value: 0
      objectReference: {fileID: 0}
    - target: {fileID: 3237973621197931019, guid: 74bcce13e73d0664b8370d9e66378f22,
        type: 3}
      propertyPath: m_LocalEulerAnglesHint.z
      value: 0
      objectReference: {fileID: 0}
    - target: {fileID: 3237973621323900430, guid: 74bcce13e73d0664b8370d9e66378f22,
        type: 3}
      propertyPath: slideAxis
      value: 2
      objectReference: {fileID: 0}
    - target: {fileID: 3237973621323900430, guid: 74bcce13e73d0664b8370d9e66378f22,
        type: 3}
      propertyPath: start
      value: 
      objectReference: {fileID: 7626442797704636590}
    - target: {fileID: 3237973621323900430, guid: 74bcce13e73d0664b8370d9e66378f22,
        type: 3}
      propertyPath: end
      value: 
      objectReference: {fileID: 7626442796138788057}
    - target: {fileID: 3237973621323900430, guid: 74bcce13e73d0664b8370d9e66378f22,
        type: 3}
      propertyPath: goal
      value: 
      objectReference: {fileID: 7626442797782416041}
    m_RemovedComponents: []
  m_SourcePrefab: {fileID: 100100000, guid: 74bcce13e73d0664b8370d9e66378f22, type: 3}
--- !u!4 &1002327264321693622 stripped
Transform:
  m_CorrespondingSourceObject: {fileID: 3237973621197931019, guid: 74bcce13e73d0664b8370d9e66378f22,
    type: 3}
  m_PrefabInstance: {fileID: 2379990277730592189}
  m_PrefabAsset: {fileID: 0}
